2392 3886
89 153 131 219 12
398 149 576 208 CAPITVLA
592 149 660 208 LIB.
678 148 726 206 111.
744 149 792 206 IV.

153 321 263 382 XVIII.
297 319 376 392 Quid
398 321 459 380 sint
477 313 594 397 ‘pedari
617 311 781 379 senatores'
801 320 832 377 et
854 336 945 394 quam
970 318 1007 381 ob
1032 339 1104 380 cau-

88 429 152 471 sam
174 411 219 470 ita
237 409 569 487 appellati3'quamque
590 407 723 467 habeant
746 405 892 484 originem
914 407 1007 468 rerba
1028 409 1105 471 haec

88 519 124 560 ex
155 500 253 559 edicto
285 498 438 558 tralaticio
471 497 642 558 consulum:
670 488 836 555 ‘senatores
869 495 1039 574 quibusque
1072 500 1105 558 in

87 592 195 650 senatu
218 587 400 649 sententiam
422 586 520 648 dicere
543 579 634 646 licet'.
874 638 877 641 .
994 637 1011 642 ,Α

152 676 231 736 XIX.
265 675 333 748 Qua
358 675 475 736 ratione
494 674 608 736 Gavius
631 674 743 733 Bassus
772 671 925 748 scripserit
954 667 1104 751 ‘parcum'

86 766 238 826 hominem
265 765 452 843 appellatum
474 767 506 823 et
528 782 621 840 quam
642 780 707 822 esse
730 761 796 822 eius
818 761 960 823 vocabuli
982 782 1106 825 causam

86 855 217 931 putarit3
249 856 281 913 et
312 855 430 932 contra,
462 871 552 930 quem
582 852 616 911 in
646 849 770 910 modum
801 849 970 930 quibusque
1002 854 1106 915 verbis

85 943 255 1004 Favorinus
277 942 355 1002 banc
376 942 572 1002 traditionem
595 941 660 1001 eius
683 939 814 1000 eluserit.

336 1098 536 1160 CAPITVLA
557 1099 668 1162 LIBRI
691 1102 851 1174 QVARTI.

152 1207 176 1269 1.
205 1207 309 1268 Sermo
328 1207 452 1286 quidam
464 1206 607 1267 Favorini
624 1207 797 1286 philosophi
815 1223 885 1269 cnm
903 1208 1105 1287 grammatico

86 1297 265 1358 iactantiore
287 1297 387 1357 factus
405 1295 438 1354 in
456 1294 644 1356 Socraticum
660 1297 796 1375 modum3
819 1301 911 1375 atque
929 1296 972 1357 ibi
990 1297 1023 1355 in
1042 1315 1107 1357 ser—

86 1405 174 1447 mone
203 1386 332 1464 <fictum
357 1385 466 1462 quibus
493 1383 594 1444 verbis
619 1377 737 1461 ‘penus'
770 1405 789 1446 a
816 1385 849 1457 Q.
879 1385 1025 1447 Scaevola
1053 1386 1107 1446 de—

86 1475 173 1534 finita
210 1475 265 1552 sit3
301 1473 441 1552 quodque
478 1472 583 1533 cadom
618 1473 755 1536 definitio
787 1477 911 1553 culpata
942 1473 1106 1551 reprehen-

87 1582 179 1642 saque
202 1566 256 1623 est.

119 1671 121 1676 ·
153 1651 191 1712 H.
223 1651 347 1712 Morbus
361 1650 516 1713 stultiam
530 1649 604 1728 quid
618 1651 738 1714 differat
751 1655 783 1713 et
797 1671 889 1730 quam
899 1653 962 1714 vim
970 1650 1107 1714 habeant

85 1740 235 1803 vocabula
256 1741 317 1800 ista
339 1740 372 1799 in
393 1739 492 1800 edicto
515 1739 672 1819 aedilium3
691 1745 723 1801 et
745 1761 785 1802 an
808 1740 965 1802 eunuchus
988 1744 1020 1800 et
1043 1744 1107 1801 ste·

85 1830 157 1891 siles
184 1830 327 1890 mulieres
353 1828 498 1889 rethiberi
520 1829 650 1906 possint;
678 1828 874 1908 diversaeque
897 1849 989 1907 super
1011 1849 1048 1890 ea
1070 1850 1106 1891 re

86 1920 260 1980 sententiae.

152 2006 207 2066 III.
240 2005 327 2076 Quod
350 2004 452 2064 nullae
475 2004 589 2064 merim
611 2005 656 2066 rei
673 2007 796 2067 uxoriae
819 2007 953 2067 actiones
975 2005 1008 2065 in
1025 2006 1105 2067 urbe

85 2096 183 2156 Roma
204 2097 274 2155 ante
298 2092 504 2154 Carvilianum
526 2092 705 2172 disortium
732 2099 825 2173 atque
847 2095 937 2174 inibi,
965 2093 1039 2172 quid
1062 2096 1106 2156 sit

88 2183 208 2261 proprie
231 2182 338 2259 paelex
361 2199 497 2259 quaeque
521 2181 585 2242 eius
607 2183 749 2244 vocabuli
771 2185 850 2244 ratio
874 2185 922 2244 sil.

153 2272 203 2332 IV.
237 2270 317 2342 Quid
340 2269 463 2331 Servius
487 2269 639 2347 Sulpicius
661 2272 694 2331 in
716 2273 803 2351 libro,
822 2273 875 2350 qui
898 2274 944 2333 est
967 2271 1003 2331 ds
1023 2271 1105 2332 doti·

86 2361 153 2438 bus,
177 2356 331 2436 scripserit
354 2359 390 2419 de
414 2359 480 2419 iure
502 2362 595 2438 atque
612 2379 696 2421 more
713 2364 853 2422 veterum
870 2360 1104 2437 sponsaliorum.

153 2450 189 2510 V.
221 2448 358 2510 Historia
375 2451 498 2508 narrata
511 2448 548 2508 de
561 2448 688 2525 perfidia
702 2450 876 2526 aruspicum
889 2449 1105 2528 Etruscorum3

87 2538 228 2615 qnodque
247 2536 285 2598 ob
305 2555 372 2597 eam
389 2555 453 2597 rem
470 2555 576 2597 versus
593 2537 643 2598 hic
662 2557 680 2597 a
698 2539 799 2615 pueris
812 2539 925 2599 Romae
942 2537 1017 2598 urbe
1035 2540 1106 2598 tota

87 2629 228 2687 cantatus
255 2628 302 2686 est
324 2619 452 2684 ‘Malum
478 2625 638 2687 consilium
660 2628 827 2688 consultori
848 2627 1012 2703 pessimum
1034 2621 1104 2688 est'.

152 2715 205 2775 VI.
238 2713 339 2774 Verba
360 2714 471 2774 veteris
495 2716 762 2795 senatusconsulti,
785 2734 846 2793 quo
869 2715 1024 2775 decretum
1046 2719 1104 2794 est,

64 2804 195 2864 'hostiis
230 2803 395 2864 maioribus
426 2803 621 2884 expiandum,
657 2804 739 2882 quod
770 2805 803 2864 iu
834 2804 964 2864 sacrario
996 2803 1105 2864 hastae

85 2891 214 2953 Martiae
233 2892 413 2967 movissent3
432 2894 524 2968 atque
541 2892 586 2953 ibi
603 2896 786 2967 enarratum,
805 2893 879 2971 quid
897 2892 958 2952 sint
972 2884 1103 2952 ‘hostiae

87 2974 303 3059 succidaneae',
323 2980 395 3058 quid
413 2980 487 3040 item
500 2974 604 3057 ‘porca
617 2975 825 3059 praecidanea'
831 2997 839 3060 ;
854 2984 885 3041 et
899 2980 980 3058 quod
993 2979 1104 3057 Capito

88 3070 197 3130 Ateius
219 3069 310 3129 ferias
333 3069 480 3147 quasdam
502 3063 738 3147 ‘praecidaneae'
761 3070 934 3147 appellarit.

154 3158 220 3218 VII.
252 3157 298 3217 De
317 3158 449 3235 epistula
462 3157 578 3218 Valerii
594 3158 685 3219 Probi
703 3159 900 3238 grammatica
919 3158 957 3217 ad
974 3158 1103 3218 Marcel-

86 3248 152 3307 lum
165 3247 279 3324 scripta
292 3265 382 3323 super
391 3250 518 3307 accentu
531 3247 688 3306 nominum
696 3247 886 3328 quorundam
895 3246 1103 3307 Poenicorum.

81 3381 84 3386 .
130 3335 213 3396 VIII.
250 3333 330 3405 Quid
361 3333 393 3395 (l.
420 3335 578 3395 Fabricius
610 3335 646 3395 de
673 3334 811 3396 Cornelio
838 3335 949 3396 Rufino
980 3336 1103 3396 homine

86 3443 178 3487 avaro
201 3424 319 3502 direxit,
343 3443 440 3502 quem,
465 3441 533 3482 cum
552 3423 665 3484 odisset
686 3425 887 3502 inimicusque
906 3428 998 3503 esset⁷
1023 3424 1103 3484 desi·

85 3513 240 3593 gnandum
262 3516 365 3573 tamen
387 3512 542 3572 consulem
565 3513 691 3574 curavit.
