2392 3886
411 141 594 200 carlum
612 143 680 200 ΗΒ.
698 143 745 203 IV.
764 144 797 202 V.
1069 148 1111 215 13

158 308 211 368 IX.
244 308 326 380 Quid
357 309 507 387 significet
533 309 653 387 proprie
682 304 878 392 ‘religiosus'3
908 317 940 374 et
971 315 1002 374 in
1034 334 1111 392 quae

89 398 275 458 diverticula
304 397 486 477 significatio
513 398 603 459 istius
625 400 767 461 vocabuli
789 401 866 463 flexa
889 402 943 480 sit;
966 406 997 464 et
1020 404 1112 465 verba

89 486 211 566 Nigidii
234 486 339 565 Figuli
361 505 398 546 ex
421 487 644 548 commentariis
666 488 732 549 eius
755 507 846 566 super
868 509 904 551 ea
926 510 958 551 re
981 497 1111 569 sumpta.

158 575 195 634 X.
230 574 310 646 Quid
333 574 528 636 observatum
550 575 587 637 de
610 576 715 637 ordine
733 577 937 656 rogandarum
954 579 986 639 in
1004 584 1111 642 senatu

90 663 327 740 sententiarum,
350 664 510 742 iurgiaque
533 664 566 725 in
587 669 695 726 senatu
714 665 746 726 C.
765 664 903 728 Caesaris
924 668 1057 729 consulis
1081 673 1111 730 et

90 752 130 813 II.
154 752 280 813 Catonia
302 753 383 813 diem
405 753 531 813 dicendo
555 753 720 815 eximentis.

112 864 115 868 “
158 841 210 900 XI
252 841 336 912 Quae
372 841 534 919 qualiaque
572 842 647 920 siut,
684 861 761 920 quae
792 843 992 905 Aristoxenus
1023 847 1111 922 quasi

88 930 190 1008 magis
223 932 378 1007 comperta
410 929 446 990 (16
478 930 654 1009 Pythagora
685 931 846 993 memoriae
878 933 1046 1010 mandavit;
1079 938 1110 994 et

51 1063 61 1074 ,
88 1037 170 1097 quae
198 1019 274 1078 item
295 1019 479 1080 Plutarchus
505 1019 538 1079 in
566 1019 695 1080 eundem
717 1018 842 1081 modum
864 1020 900 1081 (16
923 1021 1029 1083 eodem
1050 1022 1109 1101 Py-

88 1108 222 1186 thagora
245 1108 408 1184 scripserit.

157 1196 225 1255 XII.
257 1196 356 1256 Notae
379 1200 411 1257 et
432 1195 708 1257 animadversiones
731 1197 884 1259 censoriae
902 1197 935 1257 in
953 1199 1107 1261 veteribus

87 1284 294 1345 monumentis
316 1289 454 1363 repertae
476 1284 623 1345 memoria
645 1283 763 1362 dignae.

157 1373 241 1433 XIII.
273 1374 361 1445 Quod
382 1373 568 1434 incentiones
587 1373 736 1451 quaedam
753 1373 901 1435 tibiarum
918 1379 1000 1436 certo
1019 1375 1108 1437 modo

87 1461 192 1523 factae
215 1462 355 1523 ischiacis
376 1463 490 1522 mederi
511 1465 647 1539 possunt.

158 1550 239 1610 XIV.
271 1550 423 1610 Narratur
445 1550 573 1611 historia
596 1551 632 1611 de
650 1549 783 1611 Hostilio
802 1551 941 1612 Mancino
964 1552 1109 1613 aedilium

86 1642 121 1700 et
148 1638 276 1698 Manilia
306 1640 478 1716 meretrice,
508 1639 660 1717 verbaque
692 1639 806 1700 decreti
833 1640 1037 1719 tribunorum,
1070 1641 1109 1702 ad

85 1746 168 1815 quos
191 1746 210 1787 a
231 1728 358 1788 Manilia
379 1733 576 1804 provocatum
598 1730 653 1789 est.

157 1816 223 1876 XV.
254 1816 386 1877 Defensa
414 1836 433 1877 a
459 1817 551 1893 culpa
577 1815 729 1878 sententia
752 1834 788 1876 ex
810 1815 939 1877 historia
961 1815 1109 1896 Sallustii,

86 1923 183 1983 quam
206 1905 304 1983 iniqui
322 1905 388 1966 eins
406 1924 476 1966 cum
492 1905 690 1966 insectatione
708 1904 835 1983 maligni
852 1904 1108 1981 reprehenderint.

158 1993 238 2055 XVI
269 1994 316 2054 De
342 1993 499 2056 vocabulis
528 1993 709 2071 quibusdam
732 2012 751 2055 a
772 1994 909 2055 Varrone
931 1996 963 2054 et
984 1994 1108 2074 Nigidio

87 2085 199 2143 contra
221 2083 365 2143 cotidiani
388 2083 534 2144 sermonis
553 2083 802 2143 consuetudinem
820 2082 993 2161 declinatis3
1008 2087 1109 2162 atque

85 2170 168 2231 inibi
190 2170 222 2231 id
244 2190 340 2250 genus
362 2171 512 2250 quaedam
533 2189 603 2231 cum
625 2171 770 2249 exemplis
792 2174 932 2234 veterum
952 2173 1058 2234 relata.

159 2259 254 2320 XVII
285 2260 331 2319 De
349 2263 458 2321 natura
477 2259 666 2337 quarundam
684 2261 912 2339 particularum,
930 2281 1008 2338 quae
1021 2279 1107 2338 prae-

86 2348 210 2425 positae
241 2349 341 2409 verbis
372 2349 489 2409 intendi
516 2351 609 2425 atque
635 2349 762 2425 produci
788 2349 915 2410 barbare
942 2353 973 2410 et
1000 2349 1107 2410 inscite

85 2435 242 2515 videntur,
265 2438 409 2513 exemplis
431 2437 660 2515 rationibusque
682 2438 828 2514 plusculis
852 2438 1064 2515 disceptatum.

158 2525 268 2585 XVIII.
300 2526 346 2586 De
364 2526 397 2585 P.
415 2526 559 2586 Africano
582 2526 736 2603 superiore
760 2531 882 2605 sumpta
904 2527 1053 2604 quaedam
1071 2546 1107 2587 ex

87 2613 254 2674 annalibus
276 2617 445 2675 memoratu
466 2614 651 2693 dignissima.

159 2702 238 2761 XIX.
284 2702 364 2773 Quid
402 2703 442 2763 M.
479 2703 576 2763 Varro
612 2702 645 2762 in
682 2703 841 2782 logistorie
878 2703 1032 2780 scripserit
1069 2703 1106 2764 (16

86 2790 275 2851 moderando
298 2792 383 2852 victu
405 2810 569 2868 puerorum
591 2791 758 2867 inpubium.
941 2841 944 2846 .

157 2879 224 2940 XX.
255 2879 364 2940 Notati
386 2899 405 2940 a
428 2880 611 2958 censoribus,
630 2881 683 2958 qui
701 2880 895 2941 audientibus
913 2880 951 2940 iis
969 2880 1108 2941 dixerant

86 2968 156 3029 ioca
190 2969 338 3045 quaedam
369 2969 636 3047 intempestivite13
668 2987 704 3029 ac
730 2969 768 3029 (16
795 2969 860 3029 eius
887 2988 1007 3047 quoque
1035 2972 1108 3029 nota

87 3057 301 3136 deliberatum,
324 3058 377 3137 qui
400 3061 529 3120 steterat
551 3058 629 3118 forte
653 3056 735 3135 apud
757 3075 809 3118 eos
831 3057 1055 3119 oscitabundus.

345 3217 546 3278 CAPITVLA
569 3218 680 3277 LIBRI
704 3216 852 3288 QVINTI.

156 3289 180 3382 1.
214 3322 302 3393 Quod
319 3324 477 3385 Musonius
494 3324 692 3401 philosophus
710 3323 903 3399 reprehendit
920 3323 1107 3399 inprobavit-

88 3429 158 3489 que,
181 3411 301 3472 laudari
323 3413 537 3490 philosophum
558 3413 755 3474 disserentem
778 3431 797 3472 a
818 3412 1053 3474 vociferantibus
1076 3416 1107 3473 et

88 3499 123 3559 in
143 3501 296 3562 laudando
320 3503 527 3580 gestientibus.
565 3559 568 3565 .
