2356 3900
386 151 647 210 cessurusne.
666 151 807 210 susm.
1064 156 1106 225 19

173 321 226 381 III.
255 322 301 381 Ex
318 320 494 381 Aristotelis
511 320 599 399 libro,
620 319 673 398 qui
694 317 775 400 [περὶ
793 319 924 400 μνήμης]
943 323 1107 400 inscriptus

40 404 42 441 ²
125 411 168 485 est,
188 412 302 490 cognita
328 407 511 487 acceptaque
539 408 575 468 de
602 412 714 470 natura
740 411 901 471 memoriae
928 416 960 472 et
986 412 1107 490 habitu3

124 499 189 572 atqm
207 499 281 559 inibi
303 498 365 558 alia
382 497 531 576 quaedam
549 498 586 559 de
605 498 802 560 exuberantia
825 501 879 559 aut
897 499 1023 560 interitu
1042 501 1107 561 eina

40 584 42 591 '
123 583 179 645 lecta
195 588 364 665 auditaque.

170 675 238 736 VIII.
277 675 357 746 Quid
384 675 459 734 mihi
487 692 547 734 usu
574 675 704 753 venerit,
736 674 930 751 interpretari
962 679 993 734 et
1020 677 1107 753 quasi

40 752 43 829 ἰ
123 759 233 842 effingere
250 764 368 826 volenti
385 764 468 824 locos
486 762 633 841 quosdam
649 763 821 824 Platonicos
834 763 945 823 Latina
964 764 1106 825 oratione.

168 851 209 913 IX.
236 853 323 924 Quod
337 852 564 928 Theophrastus
581 851 779 928 philosophus
795 852 892 914 omnis
911 870 982 913 suae
997 853 1106 914 aetatu

120 935 323 1003 facundissimus
345 941 437 1003 verba
460 959 558 1018 panca
580 940 618 1001 ad
640 940 788 1017 populum
805 941 1021 1002 Atheniensem
1042 943 1105 1001 fac·

120 1026 183 1090 larus
199 1030 376 1092 deturbatus
393 1029 575 1090 verecundia
593 1028 766 1107 obticuerit3
788 1030 928 1107 quodque
946 1030 1027 1090 idem
1048 1030 1106 1090 hoc

120 1109 286 1180 Demostheni
303 1118 386 1195 apud
398 1118 574 1194 Philippum
591 1135 693 1196 regem
710 1118 804 1178 verba
821 1119 946 1179 facienti
963 1118 1105 1179 evenerit.

166 1205 194 1268 I.
224 1208 330 1279 Qualis
352 1207 428 1266 mihi
448 1205 597 1266 fueritin
625 1206 734 1282 oppido
757 1206 901 1268 Eleusino
924 1206 1105 1282 disceptatio

120 1305 168 1353 tum
184 1296 378 1375 grammatico
401 1295 533 1373 quodam
555 1294 762 1372 praestigi0s0‚
785 1297 922 1372 tempora
943 1295 1106 1356 verborum

119 1380 142 1435 el
153 1387 268 1457 puerilia
281 1384 496 1445 meditamenta
509 1383 678 1460 ignorante,
691 1386 877 1444 remotarum
891 1388 994 1444 autem
1013 1401 1104 1461 quae-

120 1466 222 1534 stionum
233 1473 361 1535 nebulas
375 1475 407 1534 et
419 1471 595 1533 formidines
608 1471 761 1547 capiendis
773 1472 981 1549 imperitorum
995 1472 1105 1533 animIs

119 1558 269 1625 aurunco.

163 1650 205 1711 III
240 1650 339 1722 Quam
365 1649 473 1711 festive
500 1648 689 1726 responderit
715 1648 907 1726 Xanthippae
934 1650 1022 1710 uxori
1050 1648 1103 1710 So·

118 1740 188 1799 entes
203 1739 330 1818 petenti,
347 1741 384 1799 ut
401 1757 455 1814 per
470 1737 618 1815 Dionysia
635 1736 766 1815 largiore
786 1740 912 1812 sumptu
929 1737 1103 1797 cenitarent.

161 1827 219 1889 IIII.
244 1827 324 1900 Quid
338 1826 487 1906 significet
499 1827 532 1886 in
545 1828 683 1887 veterum
695 1825 782 1886 libris
796 1826 944 1901 scriptum
957 1819 1104 1903 ‘plerique

116 1912 215 1995 omnes'3
245 1921 277 1978 et
299 1915 382 1995 quod
404 1933 441 1975 ea
461 1914 554 1977 verba
576 1917 701 1991 accepta
723 1934 742 1975 a
765 1912 887 1978 Graecis
909 1913 1058 1975 videntur.

160 2005 235 2068 XIII.
269 1997 449 2081 ‘Eupaones'
468 2001 517 2082 (d),
547 2003 625 2080 qued
648 2003 784 2063 homines
806 2002 875 2063 Afn'
898 2002 1016 2082 dieunt,
1043 2023 1104 2064 non

113 2103 157 2152 esse
176 2095 302 2156 verbum
324 2094 495 2172 Poenicum,
519 2093 571 2152 sed
593 2091 749 2152 Graecum.

157 2183 232 2245 XIV.
275 2182 474 2259 Lepidissima
505 2181 663 2248 altercatio
686 2180 828 2241 Favorini
850 2180 1023 2257 philosophi
1050 2180 1102 2240 ad-

108 2283 192 2332 uersus
214 2271 367 2351 quendam
388 2271 635 2346 intempestiirum
662 2267 700 2327 de
721 2269 920 2346 ambiguitate
944 2269 1103 2330 verborum

107 2354 297 2438 disserentem3
316 2362 407 2437 atque
424 2359 500 2419 inibi
512 2358 605 2420 verba
619 2357 768 2436 quaedam
781 2376 818 2417 ex
831 2356 947 2417 Naevio
961 2361 1052 2434 poeta
1071 2361 1103 2418 et

40 2492 44 2505 .
104 2443 141 2508 On.
155 2449 253 2511 Gellio
272 2468 332 2509 non
350 2448 462 2508 usitate
481 2448 642 2526 collucata3
660 2450 753 2524 atque
771 2445 883 2506 ibidem
903 2446 968 2507 aP.
978 2446 1102 2525 Nigidio

100 2538 218 2617 origines
239 2537 456 2598 vocabulorum
479 2537 659 2613 exploratae.

152 2628 216 2687 XV.
233 2627 349 2698 Quibus
359 2626 455 2685 modis
464 2625 680 2705 ignominiatus
689 2627 899 2701 tractatusque
912 2623 952 2683 sit
963 2643 980 2682 a
990 2621 1101 2683 (3.an-

93 2733 151 2777 aare
161 2716 309 2777 Laberius
318 2718 420 2792 peeta3
435 2717 525 2792 atqua
539 2714 615 2774 inibi
628 2714 760 2790 appositi
773 2730 879 2772 versus
894 2730 985 2787 super
998 2712 1101 2772 eadem

91 2825 119 2866 re
141 2805 278 2866 eiusdem
300 2802 428 2864 Laberii.

362 2961 562 3024 OAPI'IVLA
584 2960 694 3021 LIBRI
715 2958 823 3022 NONI.

148 3073 173 3133 Ι.
198 3070 401 3142 Quamobrem
422 3069 553 3140 Quintus
576 3067 720 3129 Claudius
744 3065 962 3145 Quadrigarius
991 3065 1023 3124 in
1044 3083 1101 3124 un·

82 3161 265 3224 devicesimo
293 3159 395 3220 annui
422 3158 588 3237 scripserIt,
622 3157 765 3218 rectiores
792 3156 994 3232 certioresque
1021 3153 1101 3213 ictus

79 3251 157 3330 lieri,
182 3252 208 3312 si
232 3268 354 3310 sursum
376 3247 446 3327 quid
468 3248 574 3308 mittas
597 3265 689 3324 quam
711 3246 737 3306 si
759 3245 908 3306 deorsum.

148 3339 189 3401 II.
214 3338 362 3410 Qualibus
375 3337 475 3398 verbis
488 3336 603 3398 notarit
615 3334 749 3395 Herodes
763 3334 886 3394 Atticus
904 3332 981 3393 falso
996 3348 1099 3408 quem-

77 3431 165 3508 piam
184 3429 274 3489 cultu
291 3427 463 3504 amictuque
477 3445 586 3486 nomen
600 3423 798 3500 habitumque
814 3419 987 3499 philosophi
1000 3437 1099 3479 emen-

75 3520 217 3580 tientem.

907 3609 939 3661 2*
