2356 3900
532 130 615 188 1·xv·
1044 133 1087 199 ea

65 296 186 379 ditum,
208 315 321 360 vocem
343 294 473 359 mittere
498 293 545 359 ait
566 316 634 359 non
657 316 696 359 ex
720 317 784 379 ore,
807 296 863 360 sed
886 317 925 360 ex
946 300 1088 382 pectore,

66 385 157 468 quod
181 383 305 449 scilicet
330 405 399 447 non
426 384 467 448 ad
490 404 607 449 sonum
629 383 734 469 magis
762 384 975 468 habitumque
997 385 1087 451 vocis

68 495 169 557 quam
183 473 224 537 ad
239 473 474 538 sententiarum
491 472 622 557 penitus
638 477 867 557 conceptarum
882 473 1088 539 altitudinem

68 563 257 647 pertineret,
278 562 543 647 petulantiaeque
561 563 735 626 verborum
754 563 948 627 coercendae
966 563 1088 628 vallum

24 668 41 710 s
69 672 142 715 esse
166 650 355 735 oppositum
382 650 529 715 dentium
555 651 718 717 luculente
748 651 844 736 dixit,
870 654 908 715 ut
936 651 1088 734 loquendi

68 740 240 804 temeritas
270 761 339 804 non
368 739 474 804 cordis
506 744 637 804 tantum
666 740 814 805 custodia
846 745 944 824 atque
976 739 1089 826 vigilia

69 828 277 915 cohibeatur,
305 829 362 894 sed
389 832 422 893 et
450 829 645 912 quibusdam
673 829 767 913 quasi
795 829 939 894 excubiis
969 829 1005 892 in
1033 851 1088 894 ore

67 917 188 1003 positis
212 917 386 1002 saepiatur.

136 1004 358 1092 Homerica,
382 1007 420 1070 de
444 1006 561 1090 quibus
586 1029 685 1091 supra
707 1007 783 1092 dixi,
805 1007 885 1072 haec
909 1011 998 1071 sunt:
1115 1026 1133 1074 4

31 1165 57 1204 10
111 1124 208 1195 'All'
236 1131 299 1195 ὅτε
323 1131 368 1214 δὴ
392 1131 467 1196 ὅπα
488 1153 528 1222 aa
552 1131 727 1215 μεγάλην
754 1128 795 1195 ἐκ
818 1133 987 1214 στήθεος
1009 1131 1087 1214 εἴη,

69 1224 116 1284 0¹³·
295 1306 412 1373 ποῖόν
436 1324 478 1374 σε
501 1310 590 1384 ἔπος
613 1307 741 1392 φύγεν
764 1306 877 1393 ἕρκος
900 1307 1086 1375 ὀδόντων.

68 1449 112 1515 Μ.
131 1448 255 1514 Tullii
279 1470 407 1534 quoque
425 1451 525 1515 verba
541 1450 646 1537 posui,
669 1449 787 1534 quibus
807 1450 942 1515 stultam
966 1455 999 1516 et
1020 1451 1088 1515 ina·
1116 1468 1132 1517 5

67 1561 145 1605 nem
173 1539 302 1604 dicendi
331 1539 459 1624 copiam
489 1540 687 1626 gravitaret
716 1560 790 1602 vere
820 1539 1001 1605 detestatus
1024 1545 1087 1604 est:

30 1628 300 1712 15Dumm0d0,
317 1627 435 1713 inquit,
452 1629 525 1693 hoc
544 1632 713 1713 constet,
735 1649 857 1710 neque
877 1628 1088 1693 infantiam
1116 1648 1132 1696 e

70 1719 171 1803 eius,
193 1717 260 1801 qui
278 1738 356 1781 rem
373 1717 497 1803 norit,
521 1719 586 1783 sed
609 1740 690 1783 eam
709 1716 906 1800 explicare
923 1717 1088 1782 ’dicendo

68 1829 147 1872 non
178 1809 309 1891 queat,
339 1827 462 1890 neque
494 1807 745 1872 inscientiam
774 1804 900 1890 illius,
937 1805 998 1870 cui
1027 1828 1088 1870 res

68 1919 147 1961 non
176 1895 375 1980 subpetat,
402 1896 521 1960 verba
546 1917 623 1960 non
649 1894 793 1978 desint,
820 1915 904 1957 esse
932 1894 1089 1958 laudan-

69 1986 170 2051 dam:
202 2005 361 2068 quorum
385 1984 418 2047 si
442 1985 608 2049 alterum
632 1984 684 2048 sit
708 1984 933 2067 optandum,
960 1983 1089 2048 malim

30 2107 55 2146 20
69 2074 252 2159 equidem
274 2072 506 2138 indisertam
524 2073 771 2158 prudentiam
790 2094 901 2156 quam
925 2073 1089 2137 stultam

68 2163 363 2248 loquacitatem.
405 2162 490 2226 Item
516 2163 558 2226 in
583 2163 686 2227 libro
711 2162 754 2225 de
778 2165 934 2226 oratore
962 2162 1087 2246 primo
1117 2177 1131 2226 7

69 2254 171 2318 verba
194 2252 274 2316 haec
297 2251 421 2336 posuit:
455 2251 554 2327 Quid
582 2251 682 2315 enim
710 2255 769 2314 est
792 2256 871 2315 tam
898 2250 1089 2315 furiosum

70 2364 185 2427 quam
222 2340 426 2405 verborum
458 2341 519 2405 vel
556 2340 791 2425 optimorum
828 2345 944 2422 atque
982 2362 1089 2404 orna·

69 2431 317 2496 tissimorum
336 2429 491 2494 sonitus
514 2429 657 2514 inanis,
679 2427 787 2493 nulla
806 2429 984 2493 subiecta
1008 2450 1090 2492 sen-

31 2520 202 2591 atentia
230 2540 299 2583 nec
330 2518 520 2583 scientia?
568 2516 763 2602 Cumprimis
795 2524 904 2583 autem
927 2516 970 2580 M.
994 2513 1089 2581 (lato
1118 2531 1133 2580 8

69 2607 297 2674 atrocissimus
320 2607 454 2672 huiusce
477 2607 550 2671 vitii
572 2607 752 2672 insectator
774 2612 832 2671 est.
878 2605 1028 2689 Namque
1051 2606 1090 2669 in
1118 2619 1133 2668 9

71 2698 266 2781 oratione,
285 2718 367 2780 quae
381 2697 541 2781 inscripta
555 2701 605 2760 est
625 2695 657 2760 si
678 2718 716 2759 se
732 2693 886 2759 Caelius
906 2695 1089 2759 tribunus

70 2787 200 2872 plebis
243 2785 500 2870 appellasset,
543 2806 762 2869 numquam,
807 2784 930 2868 inquit,
971 2787 1091 2867 tacet,

72 2898 185 2961 quem
212 2875 369 2940 morbus
397 2880 506 2939 tenet
532 2874 716 2957 loquendi
744 2878 939 2956 tamquam
966 2877 1091 2936 veter-

34 2986 210 3032 anosum
232 2963 391 3028 bibendi
415 2967 531 3047 atque
554 2962 779 3027 dormiendi.
825 2961 931 3037 Quod
960 2961 993 3024 si
1015 2983 1092 3025 non

73 3051 338 3139 conveniatis,
360 3075 444 3118 cum
468 3052 675 3118 convocari
697 3051 820 3135 iubet,
846 3050 904 3114 ita
927 3050 1090 3134 cupidus

73 3141 268 3208 orationis
296 3143 503 3226 conducat,
526 3141 591 3225 qui
615 3140 822 3206 auscultet.
867 3138 1005 3221 Itaque
1030 3161 1092 3203 au-

72 3233 187 3318 ditis,
215 3252 292 3296 non
314 3231 566 3315 auscultatis,
588 3236 788 3313 tamquam
811 3227 1092 3312 pharmacopo-

71 3323 157 3387 lam
198 3318 295 3386 Nam
318 3321 399 3386 eius
418 3321 536 3386 verba
560 3320 784 3402 audiuntur,
806 3339 937 3381 verum
961 3338 999 3380 se
1025 3315 1089 3396 [ei]

34 3437 59 3477 a
71 3431 184 3477 nemo
198 3410 424 3495 committit,
440 3410 472 3474 si
486 3430 600 3495 aeger
614 3413 680 3473 est.
703 3404 900 3472 IdemOato
914 3405 1092 3469 ineadem
1104 3414 1137 3464 10

74 3500 255 3567 oratione
278 3499 383 3567 eidem
400 3498 444 3564 M.
464 3497 574 3563 Caelio
593 3498 726 3562 tribuno
745 3496 833 3581 plebi
857 3494 1018 3560 vilitatem
1038 3493 1093 3557 ob·
