2392 3886
514 153 561 207 III.
579 170 638 207 vm.
655 171 692 208 rx.
1065 148 1127 214 131

109 340 180 383 rem
198 316 369 382 Fabricius
388 316 429 381 ad
449 320 597 380 senatum
621 313 760 400 scripsit.
738 311 941 379 tSenatus
960 313 1001 379 ad
1019 331 1156 400 regema

110 407 199 494 legat
201 427 237 471 os
261 405 352 470 misit
370 404 610 506 mandavitque,
632 408 670 468 ut
688 404 727 468 de
746 402 937 467 Timochare
955 401 1038 466 nihil
1056 423 1129 488 pro

111 495 237 580 derent,
267 494 323 559 sed
346 496 529 578 monerent,
558 492 608 556 uti
635 492 695 557 rex'
721 491 987 576 circumspectius
1017 495 1130 577 ageret

110 588 208 685 atque
232 606 251 647 a
272 583 495 667 proximorum
518 544 646 646 insidiis
674 579 813 646 salutem
840 583 1010 644 tutaretur.
1055 579 1156 645 Heus

78 672 166 757 sita,
188 671 237 736 uti
257 671 438 756 diximuss
429 692 468 734 ιιι
487 669 621 735 Valeri
638 669 730 734 Ant
701 673 777 734 t1at
781 669 815 733 is
763 668 919 733 thist
905 667 1008 732 toria
1031 667 1129 769 serip-

109 766 180 826 tum
215 765 273 826 est.
328 722 611 845 Quddrigarius
647 762 756 823 autem
790 757 830 823 in
867 757 972 822 libro
1004 755 1153 820 tertiob

107 870 175 914 non
193 847 428 932 Timocharem,
452 847 507 912 sed
525 846 656 912 Niciam
675 847 780 911 adisse
803 846 844 911 ad
863 844 1029 912 consulem
1053 844 1129 910 scri-

107 936 637 1107 Pi¹h>¹¹⁰q¹¹⁹1¹⁰t²hlldilllt
655 935 786 1089 tlt?
791 934 908 1088 tt?
930 933 1130 1088 tillidi

68 1048 447 1199 misisseyrddpihvisdue
466 1134 589 1199 omnes,
611 1133 693 1197 quos
716 1117 787 1178 tum
809 1045 1128 1197 hisdirvestivisse

109 1209 143 1268 et
164 1202 349 1268 reddidisse.

176 1290 333 1356 Consules
356 1294 428 1355 tum
450 1288 583 1355 fuerunt
601 1286 635 1354 (l.
655 1289 826 1355 Fabricius
849 1286 937 1365 etQ.
956 1287 1153 1353 Aemiliane

107 1379 262 1464 Litteras,
284 1401 365 1464 quas
388 1379 429 1444 ad
447 1400 558 1464 regem
575 1376 716 1463 Pyrrum
739 1398 893 1462 superea
917 1398 1015 1442 causa
1033 1376 1153 1442 miser

108 1473 198 1553 runt,
232 1465 417 1532 Claudius
451 1465 733 1553 Quadrigarius
766 1465 897 1550 scripsit
928 1465 1030 1530 fuisse
1062 1465 1126 1531 hoc

66 1576 94 1616 ιι
108 1557 269 1641 exemplo:

153 1677 341 1745 Consules
359 1678 524 1745 Romani
549 1678 714 1743 salutem
737 1677 873 1743 dicunt
891 1676 1011 1763 Pyrro
1034 1677 1152 1764 regis

107 1819 186 1886 Nos
215 1843 283 1905 pro
314 1821 393 1886 tuis
424 1819 586 1885 iniuriis
619 1819 819 1886 continuis
853 1818 979 1883 animo
1012 1822 1125 1883 tenus

107 1910 290 1975 commoti
327 1909 544 1975 inimiciter
579 1914 705 1974 tecum
736 1907 885 1972 bellare
918 1907 1124 1971 studemus.

108 1996 180 2064 Sed
204 1998 416 2064 communis
440 1997 606 2083 exempli
630 2002 668 2062 et
689 1995 785 2062 fidei
809 2016 900 2082 ergo
923 1995 1061 2081 visum,
1083 2000 1126 2060 ut

65 2107 92 2147 ιο
106 2091 144 2152 te
163 2087 312 2152 salvum
325 2087 505 2172 velimus,
522 2090 565 2150 ut
578 2091 695 2171 esset,
716 2107 826 2169 quem
840 2084 956 2149 armis
970 2084 1125 2149 vincere

62 2204 64 2208 ·
106 2197 314 2260 possemus.
350 2174 408 2240 Ad
425 2196 496 2239 nos
514 2175 623 2240 venit
636 2172 771 2240 Nicias
790 2172 1003 2238 familiaris
1021 2178 1126 2259 tuus,

106 2264 172 2348 qui
200 2264 276 2329 sibi
298 2263 511 2348 praemium
534 2263 689 2328 anobis
711 2267 878 2347 peteret,
905 2262 937 2326 si
965 2268 1002 2326 te
1026 2261 1125 2328 clam

105 2352 383 2418 interfecisset.
428 2351 472 2417 Id
507 2373 577 2417 nos
613 2351 840 2438 negavimus
879 2349 993 2436 velle,
1030 2372 1124 2415 neve

107 2442 154 2506 ob
181 2463 262 2507 eam
285 2462 363 2505 rem
387 2440 592 2526 quiequam
615 2439 803 2505 commodi
827 2442 1064 2524 expectaret,
1087 2444 1125 2503 et

64 2548 91 2588 ιι
106 2530 221 2595 simul
239 2529 365 2593 visum
388 2533 461 2613 est,
483 2533 582 2594 utta
601 2528 809 2593 certiorem
826 2527 1056 2612 faceremus,
1077 2549 1124 2592 ne

105 2617 196 2702 quid
228 2617 432 2702 eiusmodi,
462 2617 494 2681 si
525 2616 750 2700 accidisset,
781 2620 919 2680 nostro
952 2614 1123 2681 consilio

105 2706 290 2772 civitates
316 2710 503 2791 putarent
530 2705 690 2790 factum,
717 2709 756 2769 et
778 2705 879 2790 quod
905 2704 1020 2768 nobis
1047 2725 1124 2769 non

104 2794 234 2879 placet
263 2793 392 2879 pretio
421 2797 488 2859 aut
516 2793 688 2878 praemio
716 2797 783 2858 aut
813 2792 915 2858 dolis
941 2813 1122 2878 pugnare.

104 2882 171 2969 Tu,
193 2883 272 2948 nisi
295 2903 421 2968 caves,
442 2882 600 2948 iacebis.

63 3078 90 3117 ao
583 3057 639 3122 IX.

105 3161 172 3229 Quis
191 3166 220 3218 et
238 3161 397 3218 cuiusmodi
409 3161 497 3216 fuerit
510 3160 560 3230 qui
574 3161 605 3215 in
618 3159 775 3259 proverbio
781 3159 872 3214 fertur
885 3176 972 3229 equus
988 3160 1119 3228 Seianum

139 3236 169 3288 et
186 3233 278 3303 qualis
297 3233 375 3289 color
394 3249 530 3302 equorum
549 3232 594 3300 sit,
614 3231 663 3301 qui
683 3229 836 3301 ‘spadices'
856 3233 1004 3298 venantum
1030 3231 1121 3301 deque

140 3303 211 3360 stiur
227 3303 361 3360 vocabuli
378 3303 496 3359 ratione

171 3412 316 3479 Gavius
347 3412 537 3479 Bassus
528 3434 567 3477 ιιι
600 3410 890 3477 commentariis
923 3411 1004 3496 suis,
1039 3411 1145 3476 itemr

62 3520 89 3559 ιι
103 3501 229 3568 Iulius
243 3501 442 3568 Modestus
461 3501 501 3566 in
519 3500 686 3566 secundo
705 3500 973 3585 quaestionum
988 3498 1120 3565 confu-

924 3603 957 3657 q*
