2392 3886
123 130 188 193 144
528 130 576 185 lIl.
595 149 649 184 xv1.
668 148 733 184 xvn.

74 311 109 361 21
185 292 320 357 Memini
348 313 410 379 ego
439 292 564 358 Romae
594 297 744 359 accurate
773 292 836 359 hoc
866 299 963 378 atque
994 295 1134 361 sollicite

119 381 312 466 quaesitum,
334 381 468 468 negotio
491 403 559 447 non
577 381 625 446 rei
643 386 722 448 tunc
739 403 858 466 parvae
876 383 1074 468 postulante,
1092 407 1135 448 an

119 474 235 536 octavo
263 491 373 535 mense
400 469 509 535 infans
532 492 572 536 ex
594 475 689 536 utero
712 470 805 536 vivus
833 471 940 537 editus
962 476 996 536 et
1019 473 1134 537 statim

117 563 267 625 mortuus
284 559 337 625 ius
356 558 457 624 trium
474 559 653 624 liberorum
672 558 898 645 supplevisset,
915 582 990 627 oum
1004 562 1134 627 abortio

118 647 323 733 quibusdam,
344 668 411 711 non
428 652 553 733 partus,
570 647 734 715 videretur
752 642 872 714 mdnsis
892 649 999 717 octavi
1017 650 1134 715 intem·
1160 665 1173 707 ⁵

117 737 297 822 pestivitas.

73 844 108 894 22
185 824 250 890 Sed
277 825 432 910 quoniam
460 824 499 889 de
526 823 733 891 Homerico
762 847 869 891 annuo
899 831 996 913 partu
1026 849 1063 893 aa
1094 828 1132 892 de

118 913 290 979 undecimo
314 934 424 978 mense
448 912 604 998 diximus,
627 935 709 998 quae
733 935 1003 1001 cognoveramus,
1025 915 1133 981 visum

117 1007 248 1067 estnon
261 1001 541 1086 praetereundum,
560 1001 647 1087 quod
659 1001 700 1066 in
712 1000 834 1068 Plinii
849 1000 1015 1069 Secundi
1028 1004 1132 1070 libro

73 1089 284 1176 asseptimo
314 1089 508 1155 naturalis
537 1089 730 1156 historiae
760 1090 908 1178 legimus.
954 1091 993 1158 Id
1023 1099 1173 1159 autema

117 1179 195 1262 quia
213 1183 305 1243 extra
323 1178 420 1242 fidem
439 1200 509 1244 esse
523 1178 625 1244 videri
643 1184 762 1265 potest,
780 1181 879 1245 verba
892 1180 995 1266 ipsius
1009 1181 1132 1246 Plinii

116 1266 1132 1357 posuimuszMasuriusauctorest,L.Papiriumprae·
1174 1276 1176 1281 '

116 1360 255 1440 torem,
286 1355 453 1421 secundo
482 1356 622 1423 herede
649 1357 736 1444 lege
764 1362 917 1445 agente,
944 1360 1132 1425 bonorum

116 1445 405 1530 possessionem
428 1449 564 1511 contra
591 1468 675 1512 eum
702 1446 872 1532 dedisse,
900 1471 983 1514 cum
1010 1453 1132 1515 mater

115 1538 270 1619 partum
298 1555 337 1599 se
365 1533 553 1599 tredecim
580 1535 777 1602 mensibus
804 1537 944 1602 tulisse
972 1537 1172 1622 diceret,1⁵

118 1622 299 1708 quoniam
322 1622 471 1687 nullum
498 1629 647 1691 eertum
674 1629 827 1711 tempus
854 1624 1031 1711 pariendi
1055 1631 1132 1691 sta-

72 1717 244 1780 sstutum
271 1712 306 1778 ei
335 1711 541 1777 videretur.
586 1713 632 1778 In
658 1715 789 1779 eodem
816 1714 918 1779 libro
941 1713 1046 1779 Plini
1070 1713 1132 1781 Se·

117 1802 230 1867 cundi
254 1802 353 1867 verba
374 1801 455 1867 haec
478 1800 601 1884 scripta
631 1806 721 1866 sunt:
749 1799 945 1867 Oscitatio
972 1801 1012 1864 in
1039 1803 1132 1872 nixu

116 1889 249 1955 letalis
274 1895 347 1973 est,
370 1889 473 1955 sicut
496 1889 712 1979 sternuisse
732 1910 751 1954 a
769 1888 876 1955 coitu
900 1888 1130 1958 abortivum.

571 2071 676 2141 xvu
1145 2124 1172 2164 ,0

115 2184 149 2239 Id
167 2200 277 2252 quoque
296 2199 359 2238 esse
378 2201 396 2239 a
465 2183 588 2239 vissimis
605 2183 674 2239 viris
690 2183 845 2252 memoriae
862 2185 1036 2255 mandatum,
1055 2186 1131 2255 quod

150 2255 203 2309 tria
222 2254 310 2309 libros
324 2255 407 2310 Plato
445 2254 546 2311 hilolai
563 2255 747 2326 Pythagorici
765 2257 795 2310 et
807 2254 975 2311 Aristoteles
993 2257 1130 2326 pauculos

152 2325 304 2452 Speusippi
321 2324 486 2396 philosophi
502 2326 622 2383 mercati
640 2328 706 2382 sunt
722 2324 823 2397 pretiis
840 2325 925 2381 fidem
942 2343 1000 2382 non
1018 2327 1130 2397 capien-

150 2399 175 2453 t1
195 2414 236 2452 us.

91 2526 104 2574 1
182 2505 359 2571 Memoriae
380 2507 571 2571 mandatum
588 2511 649 2591 est,
671 2505 875 2589 Platonem
897 2506 1130 2593 philosophum
1145 2527 1171 2571 ss

115 2595 207 2662 tenui
237 2595 410 2660 admodum
439 2594 577 2680 pecunia
607 2593 761 2661 familiari
792 2594 894 2659 trisse
926 2599 1024 2680 atque
1055 2617 1130 2660 eum

114 2689 227 2750 tamen
248 2683 309 2750 tris
327 2683 499 2748 Philolai
516 2682 729 2770 Pythagorici
747 2684 850 2749 libros
869 2683 980 2750 decem
998 2683 1130 2749 milibus

91 2773 287 2839 adenarium
314 2776 501 2839 mercatum.
547 2771 587 2837 Id
608 2772 639 2837 ei
664 2772 807 2859 pretium
834 2773 971 2838 donasse
999 2773 1131 2858 quidam

89 2859 1129 3036 3scnphsiidltldtdlllelrcrruqudldlrfflrnallliudrrmlidlohmpauculos
1145 2969 1171 3010 eo

118 3038 328 3124 Speusippi
341 3038 529 3124 philosophi
542 3042 773 3124 postmortem
786 3037 856 3103 eius
870 3038 987 3103 emisse
998 3038 1130 3104 talentis

117 3127 238 3194 Atticis
265 3126 386 3213 tribus3
414 3149 452 3193 ea
479 3149 607 3192 summa
628 3128 668 3193 fit
694 3126 820 3192 nummi
846 3126 952 3192 nostri
980 3127 1131 3192 sestertia

118 3217 183 3283 duo
206 3220 240 3283 et
262 3215 472 3302 septuaginta
497 3215 597 3281 milia.
677 3226 679 3232 '

91 3323 109 3374 4
179 3306 317 3388 Τίμων
330 3305 551 3370 amarulentus
565 3305 687 3369 librum
700 3303 1043 3369 maledicentissimum
1058 3325 1132 3369 con-

91 3393 259 3479 sacr-ipsit,
277 3392 333 3478 qui
352 3394 486 3470 σίλλος
503 3392 700 3459 inscribitur.
721 3392 762 3457 In
775 3413 814 3458 eo
827 3392 913 3459 libro
926 3391 1131 3458 Platonem
1146 3410 1173 3453 as

116 3481 348 3568 philosophum
367 3479 473 3570 (tenui
491 3481 665 3548 admodum
687 3481 825 3568 pecunia
842 3479 997 3546 familiari
1015 3480 1131 3568 fuisse)
