2392 3886
105 154 169 225 150
566 161 612 218 IV.
632 180 650 216 1.

101 327 140 386 ut
166 342 241 387 eunr
264 344 283 386 a
306 323 422 387 ueteris
450 323 600 388 omnibus
629 346 815 408 separares·
849 323 989 391 Proinde
1017 325 1120 410 igitur

101 432 188 476 nune
211 416 243 475 te
266 432 362 497 rogo,
384 416 435 496 ut,
461 412 538 497 quid
561 412 763 498 sit‘penus',
786 413 888 498 dieas,
913 434 981 477 non
1003 419 1041 477 ut
1064 415 1120 478 ali-

61 499 180 586 rsquid
199 523 238 566 ex
260 522 346 585 penu
364 501 533 566 nominee'.
574 501 658 566 Tum
675 501 731 566 ille
751 505 933 566 ostentator
951 524 1029 568 voee
1052 503 1120 568 iam

101 589 193 654 molli
226 594 323 675 atque
356 589 497 654 demissa
528 589 775 675 ‘philosophias'
807 591 915 676 inquit
947 590 1020 677 ‘ego
1052 614 1120 656 non

101 677 198 743 didici
216 700 320 762 neque
340 678 462 744 discere
482 678 624 763 adpetivi
643 684 686 764 et,
710 679 737 743 si
755 680 882 766 ignoro,
901 702 944 743 an
960 679 1119 746 hordeum
1146 708 1159 748 5

100 789 140 832 ex
164 766 272 851 ‘penu'
297 767 341 831 sit
359 771 416 833 aut
435 766 553 853 quibus
572 767 680 832 verbis
699 767 825 852 ‘penus'
850 768 1030 854 definiatur,
1051 791 1119 833 non

100 877 139 921 ea
161 878 197 919 re
219 855 347 920 litteras
371 878 500 957 quoque
523 857 603 921 alias
626 856 758 921 neseio’.

56 953 91 1005 14
167 942 280 1009 Soire'
303 944 411 1030 inquit
428 944 564 1010 ridens
554 968 621 1010 ram
644 944 860 1010 Favorinus
884 945 1001 1030 “quid
1003 947 1118 1030 penus'

100 1031 157 1118 111,
188 1054 255 1125 non
284 1055 324 1098 ex
352 1038 467 1098 nostra
498 1034 604 1120 magis
634 1039 685 1098 est
692 1034 922 1136 ,philosophia
952 1058 1050 1120 quam
1079 1058 1119 1100 ex

56 1130 89 1181 15
100 1118 314 1207 grammaire
336 1126 400 1186 t.ua
446 1121 625 1187 Meministi
649 1122 749 1208 eninr,
777 1123 886 1208 eredo,
909 1124 1020 1207 quaeri
1044 1125 1118 1188 soli·
1133 1154 1159 1192 ιο

175 1262 184 1296 ,
99 1210 293 1296 tumquid
321 1210 522 1362 Vlergilius
553 1211 684 1297 dixerit,
713 1233 851 1296 penum
882 1216 1036 1277 struere
1067 1214 1119 1277 vel

98 1299 254 1385 longam
276 1300 362 1364 vell
368 1320 468 1385 ongo
493 1300 640 1376 ordine·
634 1305 837 1386 ,utrumque
861 1300 948 1365 eninr
971 1301 1118 1385 profecto

57 1389 164 1453 161111
178 1388 254 1489 ,legi
277 1388 419 1453 solitum
466 1385 543 1474 Sed,
569 1394 607 1453 ut
629 1352 748 1454 11111111
772 1394 805 1454 te
830 1389 981 1492 aequiore
1009 1391 1118 1455 animo

98 1481 135 1542 111
159 1475 219 1562 sis,
244 1499 285 1541 ne
308 1476 358 1542 illi
381 1475 511 1563 quidem
534 1440 691 1543 'veteres
682 1478 762 1543 ruris
786 1478 951 1564 magistri,
978 1480 1034 1564 qui
1058 1479 1119 1544 sa·

97 1528 236 1651 pientei’
252 1565 408 1651 appellati
422 1572 509 1652 sunt,
522 1566 764 1633 definissesatis
779 1572 867 1633 reete
881 1567 1119 1653 existimantur,
1134 1595 1160 1635 15

57 1664 88 1716 1⁷
99 1654 177 1740 qurd
200 1654 271 1720 sit
273 1653 397 1741 penus?
439 1653 526 1721 Nam
549 1654 733 1732 Quintum
753 1655 981 1722 Scaevolam
1004 1657 1045 1721 ad
1067 1654 1163 1721 de

97 1749 207 1809 monst
193 1745 343 1810 trandam
369 1766 489 1829 penum
515 1743 568 1809 his
591 1745 699 1810 verbis
727 1767 823 1810 usum
850 1744 959 1809 audie.
992 1744 1118 1809 Penus

97 1833 410 1919 est,1nqurt,quod
425 1832 666 1898 esculentum
681 1837 747 1897 aut
760 1833 1034 1918 posculentum
1049 1838 1109 1897 est
1110 1887 1118 1917 ,

98 1923 198 2008 quod
216 1920 341 2007 ipsius
359 1920 664 2006 patrisfamilias
684 1925 764 2003 [aut
777 1920 914 1987 matris
928 1921 1116 2003 familias]

98 2015 164 2075 aut
186 2010 354 2112 liberum
375 2009 681 2111 patrisfamilias
705 2009 996 2112 [auttfamiliae]
1021 2011 1159 2095 eius,ro

97 2098 1118 2273 tttttfftttttttttbtt.tssssuttttttssttff

98 2274 242 2362 ‘penus’
272 2274 398 2340 videri
431 2275 552 2341 debet.
598 2275 694 2342 Nam
727 2298 821 2362 quae
853 2277 900 2341 ad
931 2276 1117 2341 edendum

97 2364 382 2449 bibendumque
395 2364 435 2429 in
453 2365 536 2430 dies
555 2365 733 2451 singulos
748 2365 902 2450 prandii
923 2369 988 2429 aut
1003 2386 1116 2430 oenae

97 2474 213 2521 eausa
229 2457 369 2539 parant
373 2475 430 2539 ur,
449 2452 593 2538 penus’
607 2475 684 2518 non
702 2458 804 2539 sunt,
824 2453 890 2517 sed
909 2476 951 2518 ea
969 2455 1117 2538 potius,
1131 2479 1158 2520 se

97 2565 192 2630 quae
228 2542 389 2607 huiusce
427 2542 583 2628 generis
619 2543 760 2629 longae
796 2505 948 2606 irsionis
986 2547 1073 2628 grat
1078 2542 1118 2606 ia

97 2631 443 2698 contrahunturet
465 2631 682 2697 recondunt
667 2635 744 2716 tur,
771 2652 896 2717 exeo,
919 2631 1118 2715 quodnon

95 2720 136 2786 in
158 2725 340 2806 promptu
364 2725 438 2805 est,
461 2721 527 2785 sed
548 2720 657 2784 intus
681 2724 719 2784 et
736 2719 894 2804 penitus
913 2718 1118 2802 habeat,ur

56 2809 108 2868 18
108 2831 230 2895 penus
231 2808 366 2874 'diota
384 2771 452 2874 esl.
471 2807 664 2896 H,aeoego'
674 2808 783 2894 inquit
797 2769 1118 2892 comphilosophiad

98 2919 150 2964 me
174 2898 347 2984 dedissem,
373 2920 441 2962 non
461 2898 595 2982 insuper
617 2902 729 2962 tamen
750 2896 852 2961 habui
875 2895 1012 2982 dissere,
1041 2917 1117 2978 quo·
1131 2922 1159 2962 eo

96 2987 186 3052 niam
218 2987 343 3052 civibus
370 2986 529 3052 Romanis
561 2985 679 3051 Latine
706 2983 916 3087 loquentibus
950 3005 1020 3047 rem
1051 3005 1118 3047 non

99 3078 185 3157 [suo]
206 3075 366 3140 vooabulo
385 3076 607 3141 demonstrare
623 3096 693 3139 non
710 3073 818 3138 minus
836 3077 931 3157 turpe
950 3077 1001 3137 eet
1020 3093 1117 3156 quarn

96 3164 264 3230 hominem
285 3184 353 3228 non
376 3184 436 3229 suo
458 3163 590 3229 nornine
613 3161 797 3248 appellare'.

56 3264 87 3312 re
165 3251 220 3319 sie
246 3252 464 3318 Favorinus
494 3273 659 3317 sermones
687 3252 722 3316 id
751 3272 853 3336 genus
882 3271 1069 3315 eommunes
1098 3272 1117 3313 a

98 3343 197 3407 iebus
222 3342 331 3427 parvis
355 3345 388 3406 et
410 3341 539 3428 frigidis
563 3340 745 3406 abducebat
768 3339 808 3404 ad
832 3361 883 3423 ea,
907 3361 988 3425 quae
1011 3339 1117 3424 magis
1132 3364 1158 3405 11

98 3430 178 3496 utile
202 3436 289 3496 esset
317 3430 427 3496 audire
455 3452 493 3495 ae
522 3430 659 3514 dissere,
686 3450 753 3494 non
781 3428 881 3493 allata
908 3428 1118 3512 extrinsecus,

97 3541 165 3585 non
186 3542 244 3605 per
268 3519 535 3602 ostentationem,
563 3518 619 3583 sed
641 3518 784 3584 indidem
811 3521 890 3582 nata
912 3521 1117 3601 aceeptaque.
