2392 3886
83 130 128 197 24
386 127 565 189 CAPITVLA
582 128 650 186 LIB.
669 129 716 185 XL
738 129 795 185 XII.

84 317 180 376 gnum
203 297 387 374 dubiumque
410 315 474 359 esse
498 296 579 375 dicit,
601 297 752 358 Diodorus
771 299 877 358 contre
894 297 1016 358 nullum
1033 317 1102 358 ver-

83 387 157 449 bum
179 386 356 465 ambiguum
380 404 444 447 esse
466 389 564 463 putet

151 475 232 539 xm.
264 474 343 547 unio
361 475 448 539 Titus
467 474 630 536 Castricius
648 475 686 535 de
707 475 807 536 verbis
830 473 927 552 deque
950 474 1104 535 sententie

85 564 215 642 quedem
242 563 273 625 C.
298 562 426 625 Gracchi
452 563 645 640 existimarit,
676 564 816 641 quodque
848 581 914 623 esee
943 582 1013 624 enm
1039 563 1102 626 sine

83 654 147 717 nno
169 671 274 717 eonsus
297 653 499 714 emolumento
521 652 666 714 docuerit.

150 742 228 802 XIV.
271 742 378 805 Sobria
400 744 431 805 et
457 740 660 818 pulcherrime
685 741 809 803 Bomffli
837 740 918 820 regis
945 738 1102 816 responsio

84 831 163 891 circe
185 831 249 891 vini
272 849 368 890 nsum.

150 919 214 979 XV.
251 918 296 979 De
324 912 514 985 ‘ludibunde'
542 922 574 980 et
603 911 794 986 ‘errabundo'
823 921 914 995 etque
945 917 979 976 id
1006 935 1102 996 genus

84 1008 245 1068 verborum
272 1006 532 1085 productionibns3
560 1010 592 1067 et
619 1007 700 1084 quod
722 1005 868 1066 Laberius
895 1005 938 1065 sio
961 1025 1100 1067 emore-

83 1095 238 1158 bundam
254 1095 338 1170 dixit,
358 1099 395 1156 ut
407 1095 519 1157 dicitur
533 1089 723 1157 ‘ludibunde'
739 1098 770 1155 et
783 1089 991 1172 ‘errebunde'3
1010 1097 1102 1172 atque

84 1184 169 1263 inibi,
194 1183 274 1262 quod
298 1183 424 1245 Sisenna
446 1204 500 1260 pen
521 1184 730 1249 huiuscemodi
752 1184 880 1246 verbum
900 1201 981 1244 nove
1002 1183 1102 1262 figure

84 1291 158 1334 usne
181 1276 236 1333 est.

151 1361 229 1421 XVI.
252 1360 338 1431 Quod
350 1359 533 1421 Graecorum
545 1362 706 1422 verborum
719 1361 908 1438 quorundam
922 1359 1103 1422 difficillime

85 1453 132 1511 eet
144 1450 177 1509 in
190 1449 331 1512 minem
344 1448 482 1529 lingtrum
499 1449 638 1529 mutetis,
660 1450 746 1510 velut
762 1449 845 1529 quod
861 1448 973 1509 (insece
990 1449 1103 1511 dicitur

84 1536 367 1618 πολυπραγμοσύνη.

151 1627 244 1687 XVII.
274 1627 354 1698 Quid
376 1627 525 1706 significet
546 1626 578 1686 in
605 1626 759 1688 veteribus
783 1629 959 1703 presterum
981 1626 1102 1688 edictis:

85 1716 145 1794 qui
168 1716 322 1777 flumine
344 1717 498 1777 retunde
520 1715 668 1792 publice
692 1715 878 1791 redempte
899 1715 1046 1776 habent

150 1805 260 1865 XVIII.
293 1805 359 1876 Qua
381 1824 479 1882 poena
495 1805 594 1865 Druso
612 1802 806 1865 Atheniensis
824 1804 856 1864 in
874 1803 1002 1883 legibus,
1027 1821 1103 1882 quas

84 1895 196 1971 populo
214 1894 409 1963 Athensiensi
431 1894 560 1971 scripsit,
583 1893 666 1953 fures
684 1892 842 1970 adfecerit,
865 1895 897 1953 et
917 1911 978 1970 qun
995 1896 1103 1969 postes

85 1981 190 2059 Solon,
209 1985 240 2041 et
258 2002 319 2059 quc
336 1983 410 2043 item
426 1981 587 2042 decemviri
605 1981 710 2059 nostri,
731 1981 784 2058 qni
803 1981 962 2042 duodecim
979 1981 1104 2043 tabulas

85 2070 283 2148 scripserunt3
305 2074 398 2148 etque
421 2070 496 2130 inibi
519 2069 712 2149 adscriptum,
735 2069 816 2147 quod
838 2073 915 2146 sput
931 2068 1103 2148 Aegyptios

84 2159 168 2218 furta
190 2159 274 2219 licite
297 2161 328 2219 et
350 2159 495 2234 permissa
518 2162 603 2237 sunt,
625 2162 701 2235 aput
722 2158 975 2219 Lacedaemonios
998 2162 1105 2219 entem

84 2266 154 2306 cum
178 2247 279 2307 studio
308 2266 426 2325 quoque
449 2246 602 2308 adfectata
629 2250 661 2307 et
682 2266 737 2323 pro
764 2247 906 2307 exercitio
929 2247 1001 2307 utili
1024 2249 1104 2308 eele-

86 2335 186 2412 brate,
209 2354 243 2396 ec
266 2338 422 2412 praeterea
438 2336 478 2396 M.
493 2335 615 2397 Catonis
638 2336 675 2397 de
698 2336 873 2411 poeniendis
896 2335 988 2397 furtis
1009 2337 1105 2415 digne

84 2425 230 2487 memoris
252 2425 409 2485 sententie.

305 2653 505 2716 CAPITVLA
527 2653 637 2714 LIBRI
659 2651 891 2714 DVODECIMI.

150 2779 174 2838 I.
206 2779 386 2840 Dissertatio
413 2779 556 2841 Favorini
582 2778 766 2856 philosophi,
794 2796 855 2855 qne
882 2778 980 2838 suasit
1006 2779 1107 2839 nobili

84 2868 227 2945 feminee,
253 2868 302 2928 uti
323 2868 447 2945 liberos,
471 2887 545 2946 qnos
568 2868 743 2945 peperisset,
765 2886 826 2926 non
848 2866 1002 2927 nutricum
1024 2867 1104 2927 slie-

85 2976 162 3035 rum‚
186 2956 238 3018 sed
261 2956 318 3016 sibi
341 2976 395 3017 suo
419 2956 497 3018 lacte
520 2957 623 3017 aleret.

152 3045 190 3105 H.
222 3045 309 3116 Quod
326 3046 469 3125 Annaem
488 3044 609 3122 Seneca,
627 3043 764 3106 indicens
783 3044 819 3105 de
838 3043 871 3114 Q.
886 3043 984 3103 Ennio
1004 3043 1106 3122 deque

85 3133 125 3195 M.
145 3134 256 3213 Tullio,
280 3135 340 3195 levi
362 3134 519 3212 futtilique
541 3133 659 3194 iudicio·
675 3133 744 3194 fuit

152 3223 206 3284 HI.
230 3222 360 3284 Lictoris
378 3223 561 3283 vocabulum
578 3241 639 3300 qua
656 3222 773 3283 notione
791 3223 969 3298 conceptum
986 3224 1104 3282 ortum-

86 3331 144 3388 que
173 3313 225 3388 sit;
257 3316 288 3373 et
318 3331 409 3389 super
438 3329 472 3371 eo
500 3311 635 3372 diversae
663 3310 829 3372 sententiae
853 3309 944 3387 Valgi
971 3310 1044 3369 Rufi
1072 3316 1108 3372 et

86 3401 180 3460 Tullii
202 3401 328 3462 Tironis.

152 3490 204 3550 IV.
245 3489 358 3551 Versus
389 3489 506 3566 accepti
538 3509 575 3551 ex
606 3489 639 3561 Q.
666 3489 747 3548 Enni
776 3487 903 3563 septimo
936 3488 1105 3570 annalium,
