2392 3886
111 141 155 207 ‘10
541 141 562 196 I.
581 161 625 200 xx.
643 161 697 197 m.

1127 252 1141 285 9

82 324 154 376 tex
189 327 262 389 quo
299 305 407 391 ipsae
445 326 595 390 quoque
633 306 852 392 appellatae
889 304 1044 389 ‘addest
1088 304 1125 370 In

108 394 252 460 numeris
266 395 366 460 etiam
381 395 531 460 similiter
549 394 674 478 ‘aridos’
692 395 821 480 dieitur,
838 417 913 461 oum
933 416 1030 460 omne
1042 394 1125 461 latus

109 484 253 550 eiusdem
270 484 397 549 numeri
416 482 629 569 aequabiliter
646 484 682 548 in
701 506 771 550 sese
789 483 938 570 solvitur,
961 483 1060 549 siouti
1081 483 1126 569 fit,

110 597 184 640 oum
202 579 253 639 ter
267 578 360 639 temo
374 574 536 639 ducuntur
549 577 647 656 atque
665 573 735 659 ipse
752 594 908 639 numerus
927 572 1125 659 terplioatur.

84 684 99 733 6
176 663 283 729 Huius
319 663 446 728 numeri
476 663 596 728 cubum
626 661 874 749 Pythagoras
908 661 977 728 vim
1007 662 1155 728 haberes

109 754 232 818 lunaris
252 753 365 819 oirouli
384 752 476 836 dixit,
499 752 587 836 quod
608 756 642 817 et
663 750 742 816 luna
762 752 875 817 orbem
893 772 991 818 suum
1009 750 1125 817 lustret

110 847 235 928 septem
258 847 291 907 et
308 841 427 927 viginti
445 841 559 906 diebus
578 845 612 906 et
628 863 784 906 numerus
800 840 917 927 ternio,
935 841 993 925 qui
1012 839 1125 928 ‘roste'

85 930 233 998 tGraeoe
264 929 396 1015 dieitur,
426 930 617 995 tantundem
645 929 767 996 efficiat
794 930 831 995 in
861 930 954 996 subo.
1003 929 1124 997 ‘Linea'

110 1024 219 1084 autem
244 1042 263 1083 a
285 1019 406 1084 nostris
426 1019 554 1104 dieitur,
577 1041 675 1104 quam
694 1018 871 1105 ‘yqupprlv'
888 1017 1007 1085 Graeci
1023 1019 1124 1085 uomi-

83 1114 199 1175 8nant.
245 1107 329 1172 Eam
352 1107 394 1172 M.
414 1107 538 1173 Varro
557 1108 605 1174 ita
628 1108 755 1174 definit:
779 1107 901 1174 Linea
919 1113 993 1196 est,
1010 1108 1156 1195 inquito

108 1196 317 1282 longitudo
351 1198 535 1281 quaedam
563 1197 646 1262 sine
678 1197 893 1263 latitudine
923 1203 961 1263 et
991 1198 1127 1264 altitu·

84 1285 205 1354 suine.
252 1285 473 1369 Εὐκλείδης
496 1290 605 1352 autem
628 1286 774 1373 brevius,
800 1286 1034 1372 praetermissa
1058 1287 1126 1353 alti·

110 1374 235 1439 tudine:
262 1375 416 1459 γραμμὴ
446 1375 552 1460 inquit
584 1380 643 1441 est
673 1385 796 1460 μῆκος
825 1374 1012 1460 ἀπλατές,
1042 1375 1126 1460 quod

109 1463 287 1547 exprimere
315 1485 380 1528 uno
408 1463 528 1530 Latino
551 1467 651 1530 verbo
678 1486 746 1530 non
773 1487 886 1551 queas,
912 1466 979 1531 nisi
1008 1467 1123 1531 audeas

111 1551 216 1617 dicere
240 1551 440 1618 inlutabde'.
1135 1573 1155 1616 1⁶

575 1730 663 1796 XXI.

110 1851 190 1917 Quod
204 1852 292 1907 Iulius
305 1852 435 1922 Hyginus
450 1850 671 1906 affirmatissime
685 1852 839 1921 contendit,
858 1849 962 1921 legisse
978 1851 1126 1906 selibram

145 1925 174 1979 P.
194 1923 316 1994 Vergilii
334 1922 529 1991 domesticum,
549 1922 621 2005 [ubi]
641 1923 778 1994 scriptum
797 1925 872 1978 osset
891 1924 933 1977 ‘et
951 1938 1002 1978 ora
1020 1919 1126 1976 Tristia

144 1996 335 2062 temptantum
362 2010 460 2048 sensus
491 1993 638 2061 torquebit
668 1996 801 2063 amaror’‚
832 2011 890 2050 non
921 1993 998 2063 quod
1024 1993 1125 2063 vulgus

144 2063 253 2132 legeret
274 2065 368 2118 ‘sensu
387 2065 533 2131 torquebit
551 2066 668 2120 amaro'.
1136 2071 1157 2112 ’ὓ

84 2210 97 2257 1
175 2188 299 2255 Versus
336 2190 418 2256 istos
457 2213 501 2256 ex
540 2192 738 2279 georgicis
777 2191 947 2280 Vergilii
979 2191 1124 2276 plerique

111 2299 222 2344 omnes
247 2279 293 2345 sio
316 2279 444 2367 legrmt:

152 2384 205 2450 At
228 2409 342 2472 sapor
368 2386 557 2452 indicium
586 2386 707 2453 faciet
738 2387 972 2454 manifestus
997 2390 1035 2451 et
1061 2406 1124 2451 ora

152 2473 303 2542 Tristia
325 2479 588 2563 temptantum
610 2498 726 2542 sensu
755 2474 956 2560 torquebit
985 2495 1123 2540 amaro.

83 2580 289 2668 2Hyginus
318 2588 442 2667 autem,
473 2604 541 2647 non
566 2582 673 2647 hercle
701 2583 858 2670 ignobilis
882 2580 1159 2668 grammaticus‚u

108 2669 148 2734 in
171 2672 478 2756 commentariis,
501 2693 596 2756 quae
619 2671 659 2735 in
676 2671 897 2758 Vergilium
920 2669 1029 2753 feeit,
1054 2690 1126 2736 oon·

108 2758 219 2826 firmat
242 2767 275 2827 et
297 2765 499 2847 perseverat,
527 2782 596 2825 non
622 2759 685 2825 hoo
715 2784 735 2825 a
757 2759 935 2847 Vergilio
964 2758 1125 2842 relietum,

109 2849 166 2913 sed
194 2852 281 2934 quod
307 2851 377 2936 ipse
402 2849 562 2916 invenerit
584 2848 620 2913 in
642 2849 741 2935 libro,
764 2849 821 2934 qui
842 2848 942 2914 fuerit
965 2869 1005 2913 ex
1027 2847 1125 2913 domo

110 2939 207 3021 atque
231 2962 271 3005 ex
293 2940 419 3005 familia
439 2937 627 3025 Vergilii:

948 3046 986 3108 et
1010 3063 1080 3107 ora
1136 3064 1160 3106 u

153 3133 303 3200 Tristia
321 3138 581 3219 temptantum
604 3154 721 3200 sensu
739 3132 941 3217 torquebit
963 3152 1126 3216 amaror,

83 3259 215 3325 tneque
238 3241 272 3306 id
300 3240 361 3306 soli
385 3239 555 3327 Hygino,
586 3241 642 3305 sed
669 3239 774 3306 doctis
803 3238 997 3323 quibusdam
1024 3238 1127 3305 etiam

111 3329 189 3395 viris
208 3329 449 3416 eomplaoim,
468 3329 622 3414 quoniam
637 3329 764 3394 videtur
779 3329 917 3393 absurde
931 3326 997 3393 diei
1015 3325 1127 3413 ‘sapor

110 3441 207 3484 sensu
218 3441 328 3484 amaro
339 3418 490 3503 torquet'.
515 3416 610 3484 ‘Cum
623 3417 705 3504 ipse'
719 3417 873 3502 inquiunt
887 3417 996 3501 ‘sapor
1010 3437 1127 3482 sensus

110 3507 162 3594 sit,
179 3530 247 3574 non
266 3509 366 3575 alium
383 3508 419 3573 in
437 3513 540 3573 semet
557 3507 630 3593 ipso
645 3529 777 3574 sensum
794 3507 915 3573 habeat
933 3527 971 3571 ao
989 3504 1128 3590 proinde
1139 3526 1165 3571 u
