2392 3886
111 160 175 227 156
563 160 611 217 IV.
629 180 665 215 vx.

108 324 228 390 Marti
255 328 485 410 procuraret
514 328 551 389 et
579 323 722 389 ceteris
751 323 826 408 dis,
854 323 994 408 quibus
1018 325 1123 389 vide·
1187 291 1194 298 ..

108 419 230 501 retur,
252 413 524 495 lactantibus[.
547 412 654 493 Ibus]
674 413 732 477 uti
750 418 1003 498 procurasset
1023 414 1122 478 satis

107 502 329 568 habendum
362 506 605 568 censuerunt.
670 500 712 567 si
749 501 840 587 quid
878 502 1122 567 succidaneis

109 613 203 677 opus
227 597 347 676 esset,
373 591 498 656 robiis
521 591 747 655 succideret.

82 693 99 741 3
175 679 269 757 Quod
288 678 520 746 ‘succidaneos’
533 679 660 744 hostias
676 683 807 744 senatus
822 679 1007 765 appellavit,
1027 701 1122 764 quae-
1148 699 1161 738 5

80 769 137 833 4ri
161 770 254 855 solet,
276 769 354 856 quid
376 768 512 833 verbum
533 768 568 833 id
591 767 761 855 significet.
784 768 824 833 In
841 768 973 834 Plauti
993 789 1122 855 quoque

108 858 285 943 comoedia,
314 879 396 944 quae
419 856 607 942 Epidicus
629 857 788 942 inscripta
806 862 866 942 est,
889 879 985 942 super
1008 858 1122 922 eodem

107 947 180 1033 ipso
203 948 303 1012 verbo
326 946 448 1031 requiri
472 945 568 1010 audio
591 945 627 1009 in
648 945 701 1011 his
724 946 886 1011 versibus:

70 1099 73 1103 '
152 1087 239 1154 Men
260 1087 499 1189 piacularem
529 1091 685 1171 oportet
711 1085 804 1153 ficri
831 1088 878 1152 ob
907 1088 1123 1154 stultitiam

153 1264 214 1331 'Vt
232 1288 355 1331 meum
372 1269 526 1351 tergum
543 1267 633 1330 tuae
653 1180 1021 1330 stultiiidi'sabdas
1041 1289 1123 1332 suc·
1136 1197 1162 1235 1⁰

749 1354 975 1419 cidaneum?

82 1487 99 1538 5
175 1475 417 1562 ‘Succidancae'
441 1482 552 1544 autem
574 1477 726 1544 ‘hostiae'
754 1479 920 1563 dicuntur,
947 1501 984 1543 ae
1011 1479 1123 1544 littera

105 1586 166 1651 per
187 1588 312 1633 morem
335 1567 509 1654 compositi
531 1567 683 1634 vocabuli
704 1567 742 1632 in
765 1568 804 1651 [i]
824 1568 969 1633 litteram
989 1571 1123 1649 [tramu-

81 1657 202 1741 ttata],
225 1657 319 1743 quasi
337 1655 607 1743 ‘succaedaneac',
625 1657 816 1743 appellatae,
830 1657 994 1743 quoniam,
1013 1657 1041 1721 si
1059 1656 1163 1742 pri-1⁵

107 1745 171 1810 mis
193 1745 312 1812 hostiis
329 1746 462 1812 litatum
479 1767 547 1811 non
565 1750 645 1831 erat,
664 1745 746 1811 aliae
764 1749 840 1830 post
859 1745 988 1809 easdem
1007 1746 1123 1810 ductae

106 1833 235 1900 hostiae
258 1835 488 1920 caedebantur3
516 1856 598 1920 quac
622 1833 712 1919 quia,
733 1833 898 1918 prioribus
920 1832 987 1896 iam
1010 1835 1124 1919 caesis,

106 1921 217 1988 luendi
249 1923 370 2008 piaculi
403 1923 510 2010 gratia
542 1922 764 1987 subdebantur
795 1926 828 1985 et
861 1920 1123 2007 succidebantur,

30 2086 37 2097 ι
107 2009 341 2077 ‘succidaneae'
364 2011 563 2096 nominatae,
584 2009 696 2075 littera
717 2010 730 2073 i
753 2009 878 2075 scilicet
900 2010 1033 2075 tractim
1050 2034 1123 2097 pro·

106 2099 271 2185 nuntiata3
299 2099 395 2165 audio
423 2099 523 2184 enim,
551 2099 710 2185 quosdam
732 2121 805 2163 eam
827 2098 972 2164 litteram
998 2100 1034 2164 in
1060 2101 1122 2165 hac
1137 2117 1163 2157 2⁰

106 2209 186 2252 voce
208 2189 346 2253 barbare
372 2188 542 2272 corripere.
909 2204 919 2221 '

81 2297 97 2347 v
174 2275 299 2341 Eadem
322 2280 431 2342 autem
453 2275 580 2340 ratione
602 2275 694 2340 verbi
717 2276 971 2362 ‘praecidaneae’
994 2298 1122 2362 quoque

106 2363 235 2430 hostiae
258 2365 419 2451 dicuntur,
442 2386 524 2451 quac
548 2369 623 2429 ante
647 2365 806 2430 sacrificia
829 2366 999 2430 sollemnia
1018 2365 1121 2449 pridie

81 2454 294 2524 acceduntur.
324 2452 451 2519 ‘Pbrca’
466 2453 567 2518 etiam
585 2452 819 2538 ‘praecidanea'
839 2454 1011 2539 appellata,
1025 2476 1122 2537 quam

44 2586 50 2596 ·
106 2541 227 2627 piaculi
246 2542 353 2629 gratia
371 2548 446 2606 ante
460 2541 571 2627 fruges
583 2562 685 2606 novas
700 2546 811 2627 captas
829 2541 998 2606 immolare
1014 2538 1122 2606 Cereri
1137 2558 1162 2598 25

107 2652 178 2696 mes
192 2630 266 2716 fuit,
284 2632 312 2696 si
326 2631 382 2718 qui
396 2630 555 2696 familiam
568 2630 732 2696 fimestam
746 2634 804 2695 aut
815 2652 883 2694 non
894 2634 1123 2716 purgaverant,

107 2725 165 2784 aut
188 2719 283 2784 aliter
305 2742 378 2785 eam
400 2743 483 2805 rem,
511 2741 608 2803 quam
632 2723 835 2804 oportuerat,
861 2723 1121 2803 procuraverant.

81 2822 97 2871 9
176 2807 240 2874 Sed
275 2831 409 2893 porcam
441 2813 479 2873 eb
505 2808 632 2873 hostias
668 2808 825 2893 quasdam
861 2805 1123 2892 ‘praecidaneas',

108 2897 205 2963 sicuti
227 2898 307 2983 dixi,
330 2897 501 2983 appellari,
522 2898 621 2984 vulgo
644 2900 761 2962 notum
785 2900 845 2981 est,
867 2895 965 2960 ferias
989 2894 1122 2978 ‘praeci-

65 2985 237 3050 10daneas’
262 2986 335 3072 dici,
356 2987 400 3071 id,
423 2987 548 3072 opinor,
571 3009 591 3051 a
612 2986 710 3073 volgo
733 2989 896 3050 remotum
918 2987 977 3047 est.
1022 2981 1122 3067 Prop·
1136 3001 1163 3040 ³0

107 3079 198 3139 terea
219 3075 319 3139 verba
340 3074 431 3140 Atei
453 3072 658 3161 Capitonis
686 3096 730 3139 ex
758 3072 894 3159 quinto
918 3071 1122 3157 librorum,

130 3184 190 3227 uos
221 3163 264 3228 de
293 3163 506 3248 pontificio
533 3165 622 3228 iure
653 3160 851 3247 composuit,
880 3160 1009 3245 scripsi:
1042 3161 1120 3226 Tib.

108 3186 353 3317 doruncanio
376 3251 562 3337 pontifici
589 3252 754 3316 maximo
777 3249 899 3314 feriae
922 3250 1121 3334 praecida-

107 3362 200 3406 neae
225 3341 266 3405 in
292 3345 417 3406 atrum
445 3340 544 3406 diem
568 3341 827 3426 inauguratae
851 3342 949 3403 sunt.
996 3336 1120 3404 Colle·

109 3429 214 3517 gium
244 3429 432 3516 decrevit,
459 3450 536 3495 non
557 3428 775 3494 habendum
797 3426 999 3514 religioni,
1029 3427 1161 3513 quina

109 3540 152 3584 eo
176 3519 236 3584 die
260 3518 383 3584 feriae
406 3519 686 3603 praecidaneae
709 3521 849 3582 essent.
