2356 3900
435 863 493 962 [A.
521 865 684 939 escun

109 1047 344 1134 NOOl'IVM
362 1046 664 1135 ATTIOARVM
691 1043 1019 1160 PRAEFATIO]

115 1398 179 1437 *a*
193 1375 386 1442 iucundiora
400 1375 465 1443 alia
478 1377 613 1463 reperiri
627 1381 760 1464 queunt,
773 1376 890 1446 adhoc
903 1378 1094 1445 utliberisl

56 1464 269 1548 quoquemeis
278 1465 584 1549 partaeistiusmodi
593 1465 800 1533 remissiones
810 1471 928 1554 essent,
937 1468 1067 1553 quando

56 1553 178 1619 animus
210 1574 324 1618 eorum
356 1553 577 1620 interstitione
609 1554 720 1639 aliqua
749 1555 957 1643 negotiorum
991 1557 1068 1624 data

56 1639 153 1707 laxari
171 1641 397 1727 indulgerique
415 1642 586 1727 potuisset.
622 1642 682 1710 Vsi
702 1648 811 1709 autem
829 1666 942 1710 sumus
956 1646 1096 1716 ordiner

56 1751 159 1796 rerum
181 1730 334 1816 fortuito,
362 1751 458 1816 quem
482 1736 578 1798 antea
599 1732 636 1797 in
657 1733 856 1818 excerpendo
879 1732 1069 1801 feceramus.

56 1815 137 1884 Nam
159 1818 294 1903 proinde
322 1823 361 1884 ut
382 1819 503 1885 librum
530 1842 691 1905 quemque
718 1821 754 1886 in
776 1842 891 1886 manus
920 1842 1068 1907 ceperam

56 1928 108 1971 seu
128 1906 288 1974 Graecum
311 1929 368 1975 seu
385 1907 542 1976 Latinum
560 1910 611 1976 vel
635 1909 714 1994 quid
731 1913 914 1975 memoratu
931 1909 1068 1997 dignum

56 1996 225 2080 audieram,
246 1996 395 2080 itaquae
417 1997 549 2064 libitum
568 2002 648 2084 erat,
670 1998 762 2064 cuius
782 1998 908 2084 generis
928 2021 1067 2084 cumque

56 2090 151 2170 crant,
164 2085 352 2151 indistinete
367 2090 464 2171 atque
478 2087 639 2171 promisce
654 2087 852 2153 annotabam
865 2109 966 2172 eaque
984 2089 1066 2170 mihi

57 2174 89 2237 ad
100 2173 284 2239 subsidium
297 2175 472 2240 memoriae
482 2176 575 2259 quasi
590 2176 751 2260 quoddam
765 2176 949 2242 litterarum
962 2199 1066 2262 penus

57 2262 273 2348 recondebam,
290 2268 337 2348 ut,
356 2264 484 2347 quando
503 2287 582 2330 usus
597 2265 740 2330 venisset
753 2269 811 2330 aut
828 2265 875 2330 rei
895 2269 952 2331 aut
965 2267 1067 2353 verbi,

58 2351 139 2416 cuius
168 2373 221 2416 me
243 2372 359 2436 repens
387 2351 473 2417 forte
500 2353 623 2419 oblivio
650 2353 823 2438 tenuisset,
849 2359 882 2419 et
908 2353 999 2440 libri,
1026 2378 1066 2420 ex

58 2440 166 2521 quibus
190 2462 228 2505 ea
252 2462 462 2527 sumpseram,
483 2463 551 2507 non
573 2443 732 2529 adessent,
753 2442 849 2507 facile
871 2442 945 2508 inde
968 2445 1064 2510 nobis

57 2526 181 2594 inventu
206 2533 304 2613 atque
327 2529 521 2616 depromptu
543 2531 637 2596 foret.

112 2619 217 2683 Facta
239 2618 410 2704 igiturest
428 2618 464 2682 in
481 2619 533 2683 his
548 2641 677 2703 quoque
696 2620 936 2685 commentariis
951 2621 1091 2688 cedema

57 2725 154 2772 rerum
169 2705 378 2793 disparilitas,
393 2728 474 2790 quae
492 2707 556 2774 fuit
574 2708 610 2773 in
629 2708 695 2773 illis
715 2708 981 2774 annotationibus
1000 2710 1065 2796 pri-

56 2796 151 2882 stinis,
170 2817 251 2880 quas
265 2795 408 2861 breviter
422 2801 455 2862 et
467 2797 629 2883 indigeste
643 2801 677 2863 et
693 2795 858 2862 incondite
874 2799 940 2879 [ex]
960 2799 1064 2864 erudi-

56 2883 192 2950 tionibus
210 2884 469 2968 lectionibusque
483 2886 581 2951 variis
595 2886 783 2953 feceramus.
826 2883 889 2951 Sed
907 2887 1092 2972 quoniaml

56 2967 234 3061 longinquis
261 2995 320 3059 per
346 2973 486 3039 hiemem
508 2975 660 3041 noctibus
682 2974 718 3039 in
741 2995 835 3061 agro,
862 2975 960 3040 sicuti
988 2976 1065 3062 dixi,

56 3062 150 3128 lerrae
174 3061 305 3128 Atticae
328 3065 619 3129 commentationes
641 3064 738 3130 hasce
761 3063 872 3128 ludere
895 3064 1063 3130 sefacere

56 3153 151 3216 exorsi
176 3172 302 3237 sumus,
324 3151 446 3217 ideirco
469 3156 523 3217 eas
546 3152 771 3238 inscripsimus
794 3152 968 3218 noctium
992 3175 1063 3219 csse

56 3239 279 3325 ltticarum,
312 3239 395 3304 nihil
424 3239 546 3307 imitati
576 3242 772 3308 festivitates
801 3240 1064 3327 inscriptionum,

56 3348 124 3412 luas
152 3331 298 3416 plerique
327 3328 384 3393 alii
411 3329 580 3414 utriusque
608 3331 739 3418 linguae
767 3330 943 3416 scriptores
971 3329 1063 3394 inid

56 3438 145 3501 genus
169 3419 262 3485 libris
285 3418 442 3484 iecercmt.
484 3418 569 3485 Nam
589 3420 666 3503 quia
683 3418 808 3484 variam
827 3423 860 3483 et
879 3417 1090 3498 miscellams

97 3531 212 3576 (tuamve.
886 3526 900 3574 1
