2392 3886
105 143 172 209 152
564 142 611 198 Ν-
630 161 659 198 a

104 310 173 371 aut
195 305 365 371 ealoitro
388 306 578 391 vitiosus,
604 326 681 369 non
702 305 907 370 morbosus
934 311 1002 372 est.
1051 304 1126 371 Sed

105 394 166 460 oui
189 395 346 460 morbus
370 400 443 481 est,
468 394 568 460 idem
596 393 716 459 etiam
738 394 908 460 vitiosus
937 399 1006 460 est
1053 394 1128 460 Ne·

104 505 177 570 que
204 483 244 548 id
272 488 409 550 tamen
431 488 572 549 eontra
598 482 662 570 fit,
690 487 825 569 potest
852 484 954 548 enim
982 483 1048 567 qui
1071 485 1126 549 vi-

104 572 233 639 tiosus
269 577 330 638 est
365 594 441 638 non
472 572 679 638 morbosus
714 594 808 638 esse.
853 571 1125 659 Quamobrem,

104 684 188 727 eum
210 662 254 726 de
276 662 433 728 homine
456 662 639 726 morboso
663 666 817 747 agetur,
844 683 981 748 aeque,
1007 662 1125 748 inquit,
1151 679 1166 720 s

103 750 372 867 ita,dioetur=
414 749 587 836 ‘quanto
614 750 661 814 ob
701 750 741 815 id
781 750 920 816 vitium
960 750 1125 820 minoris

103 839 196 904 erit.

79 948 95 996 a
171 927 221 992 De
241 928 390 993 eunucho
409 927 540 1013 quidem
564 927 748 1013 quaesitum
766 932 827 1012 est,
849 948 891 992 an
910 932 1025 992 eontra
1043 928 1125 993 edie-

104 1020 176 1081 tum
190 1015 344 1081 aedilium
352 1015 516 1082 rideretur
530 1015 742 1102 venundabas,
756 1016 979 1103 siignorasset
987 1021 1125 1102 emptor,

78 1123 180 1172 reum
207 1105 392 1170 eunuchum
419 1127 498 1170 esse.
543 1103 763 1170 Labeonem
792 1104 998 1190 respondisse
1023 1106 1125 1190 aiunt,
1138 1125 1166 1164 10

77 1191 262 1260 erethiberi
288 1215 386 1279 posse
409 1193 503 1280 quasi
525 1193 730 1281 morbosum,
756 1215 831 1259 sues
858 1194 958 1259 etiam
980 1193 1125 1259 feminae

106 1281 134 1346 si
158 1281 422 1348 sterilae'essent
444 1288 478 1348 et
499 1304 618 1347 venum
639 1282 757 1369 issent,
779 1304 819 1347 ex
842 1283 948 1348 edicto
971 1283 1125 1348 aedilium

78 1389 201 1456 eposse
231 1370 286 1457 agi
316 1371 534 1437 Labeonem
564 1370 741 1457 scripsisse.
793 1371 843 1436 De
874 1372 986 1436 sterila
1015 1376 1125 1437 autem

104 1458 250 1545 muliere,
264 1459 292 1525 si
305 1460 418 1526 nativa
431 1461 605 1526 sterilitate
619 1460 663 1525 sit
664 1459 914 1546 ,Trebatium
928 1465 1042 1526 eontra
1054 1460 1125 1525 La-

60 1547 267 1616 robeonem
289 1549 495 1651 respondisse
514 1549 635 1615 dieunt.
670 1547 758 1614 Nam
781 1571 856 1614 eum
873 1549 1030 1614 rethiberi
1053 1571 1126 1614 eam
1140 1564 1167 1606 1⁶

104 1634 246 1722 Labeo,
261 1638 354 1722 quasi
363 1637 471 1703 minus
481 1660 604 1723 sanam,
615 1642 775 1723 putasset,
788 1659 926 1724 negasse
936 1637 1028 1703 aiunt
1038 1637 1126 1702 Tre-

104 1725 186 1791 bat'
156 1730 255 1791 trum
268 1747 308 1791 ex
318 1726 424 1792 edioto
438 1727 493 1814 agi
501 1749 609 1813 posse,
618 1726 646 1792 si
660 1749 700 1792 ea
712 1726 1028 1828 mulieraprineipio
1039 1726 1127 1813 geni-

104 1813 164 1879 tali
179 1814 352 1880 sterilitate
368 1820 462 1881 esset.
485 1815 533 1882 At
547 1838 576 1881 ει
566 1814 773 1881 valitudo
745 1837 815 1880 erus
825 1815 1013 1880 offendisset
1022 1837 1126 1900 exque

105 1925 145 1967 ea
163 1903 281 1968 vitium
299 1904 423 1969 fautum
442 1909 538 1989 esset,
559 1909 597 1969 ut
620 1904 789 2006 concipere
811 1904 898 1968 fetus
916 1924 983 1968 non
1004 1908 1127 1989 posset,

63 2009 96 2058 11
107 1995 180 2056 tum
198 2012 312 2056 sanam
328 2013 396 2057 non
409 1992 512 2058 videri
525 1997 559 2057 et
577 2014 648 2057 esse
661 1993 698 2056 in
711 2015 810 2058 eausa
822 1992 1053 2058 rethibitionis.
1075 1992 1126 2057 De
1140 2009 1168 2048 ιο

104 2101 223 2165 myope
242 2101 381 2165 quoque,
399 2081 474 2181 qui·
474 2079 686 2146 luscitiosus'
709 2079 826 2147 Latine
850 2081 1042 2166 appellatur,
1063 2081 1127 2145 dis·

105 2189 239 2233 sensum
261 2173 321 2254 θοις
344 2169 401 2233 alii
423 2169 511 2234 enim
533 2169 690 2235 rethiberi
710 2169 897 2234 omnimodo
920 2171 1047 2254 debere,
1069 2169 1126 2234 alii

62 2260 230 2341 recontra,
247 2256 312 2322 nisi
335 2256 369 2321 id
391 2256 508 2323 vitium
531 2259 647 2323 morbo
670 2263 875 2324 oontraotum
898 2263 992 2323 esset.
970 2221 1126 2323 tllum

106 2366 193 2429 vero,
211 2366 264 2409 ou1
255 2345 359 2410 dens
377 2346 513 2431 deesset
531 2344 690 2412 Servius
709 2346 867 2413 rethiberi
880 2368 976 2448 posse
995 2368 1126 2431 respon·

105 2433 164 2519 dit,
185 2432 347 2498 Labeo
337 2456 373 2498 m
395 2456 494 2500 eausa
516 2456 587 2500 esse
605 2435 789 2501 rethibendi
807 2434 953 2520 negavit:
976 2458 1061 2500 nam
1084 2439 1125 2500 et
1139 2451 1168 2492 2⁵

106 2543 258 2608 magna,
280 2522 403 2607 inquit,
423 2544 513 2608 pars
537 2524 650 2588 dente
674 2522 807 2608 aliquo
830 2528 977 2607 oarent,
1002 2545 1125 2607 neque

106 2632 149 2676 eo
181 2610 306 2696 magis
335 2611 509 2695 plerique
544 2611 721 2677 homines
751 2611 924 2677 morbosi
954 2616 1057 2695 sunt,
1087 2616 1126 2677 et

105 2699 314 2765 absurdum
329 2700 530 2765 admodum
548 2705 610 2765 est
628 2699 773 2785 dicere,
789 2721 865 2764 non
884 2721 998 2764 sanos
1016 2700 1125 2765 nasei

104 2787 296 2872 homines,
328 2787 509 2873 quoniam
539 2810 622 2854 oum
651 2788 875 2853 infantibus
904 2809 981 2853 non
1010 2789 1126 2857 simul

105 2877 238 2941 dentes
262 2876 489 2962 gignuntur.
1138 2894 1168 2934 ιι

60 2976 95 3025 13
172 2963 250 3028 Νοιι
266 2966 537 3065 praetereundum
555 2969 615 3050 est,
636 2964 670 3029 id
690 2985 818 3049 quoque
835 2965 871 3030 in
889 2965 1005 3029 libris
1023 2970 1109 3031 vete

105 3075 187 3117 rum
218 3052 541 3137 iurisperitorum
578 3015 737 3138 sdriptum
769 3076 854 3140 esse,
886 3053 1060 3119 ‘'morbum
1092 3001 1127 3118 et

106 3138 246 3206 vitium'
277 3140 413 3225 distare,
442 3142 530 3225 quod
559 3140 699 3207 vitium'
729 3147 938 3245 perpetuum,
967 3141 1125 3207 morbus'

61 3241 95 3290 14
105 3252 179 3296 oum
203 3251 335 3295 secessu
354 3192 594 3314 dedessuque'
569 3235 621 3296 ιιι.
598 3228 727 3296 tSed
744 3230 852 3296 hoo
827 3253 855 3295 ει
872 3231 921 3296 ita
939 3236 1000 3317 est,
1020 3253 1126 3315 neque

105 3340 220 3385 eaeeus
233 3339 337 3404 neque
352 3319 518 3383 eunuchus
532 3318 706 3384 morbosus
724 3323 775 3384 est
789 3324 904 3384 eontra
917 3319 1126 3406 Labeonis,
1139 3337 1168 3378 ³⁵

109 3430 207 3494 quam
230 3429 330 3492 supra
351 3407 427 3492 dixi,
450 3407 653 3472 sententiam.

65 3506 98 3555 ¹⁶
176 3495 287 3563 Verba
316 3495 461 3562 Masuri
490 3494 622 3562 Sabini
652 3494 791 3581 apposui
820 3516 864 3559 ex
894 3494 996 3560 libro
1027 3495 1125 3560 iuris

138 3612 232 3678 “X
