2392 3886
612 195 613 198 Ν
1025 109 1090 174 123

560 289 602 354 Π.

64 409 228 476 Quemnam
245 425 308 463 esse
326 410 453 464 natalem
471 409 546 465 diem
564 409 601 464 M.
620 410 710 464 Varro
730 409 820 477 dicat,
844 411 894 481 qui
912 414 978 466 anta
996 409 1088 466 noctis

102 480 207 534 horam
225 482 334 534 sextam
352 484 453 550 postve
468 497 531 536 eam
552 480 616 535 nati
634 483 712 547 sunt3
732 484 818 549 atque
836 481 909 535 inibi
927 481 963 537 do
980 484 1088 551 tompo-

102 551 186 605 ribus
203 550 389 621 terminisque
407 552 529 615 dierum.
547 553 597 622 qui
615 550 713 607 civiles
735 551 918 607 nominantur
936 555 966 607 et
988 569 1088 622 usquo-

32 630 51 672 ⁵
104 638 220 703 quaque
247 622 376 692 gentium
398 622 476 677 varie
503 623 700 689 observantur3
728 626 758 678 et
784 627 933 693 praeterea
959 622 1029 693 quid
1056 622 1086 689 Q.

103 692 218 747 Mucius
238 692 384 763 scripserit
402 711 486 818 super
504 710 539 748 ea
557 693 684 755 muliere,
703 710 776 762 quae
795 710 813 747 a
830 694 934 750 marito
952 712 1010 749 non
1027 692 1088 748 iure

104 780 136 818 se
155 765 359 833 usurpavisset,
377 782 434 834 quo
472 764 612 821 rationem
629 764 722 820 civilis
741 765 808 819 anni
826 783 884 821 non
902 763 1041 820 habuerit.

137 890 258 968 Quaeri
282 892 417 957 solitum
435 896 495 977 est,
518 892 574 977 qui
592 893 699 958 noctis
717 892 800 958 hora
817 895 916 960 tertia
930 898 1086 978 quartave
1102 905 1115 952 1

66 981 139 1046 sive
153 1002 221 1064 qua
234 980 299 1045 alia
311 981 381 1045 nati
400 986 486 1066 sunt,
504 985 577 1046 uter
595 981 663 1046 dies
679 982 800 1047 natalis
814 982 928 1048 haberi
947 982 1087 1067 appella·

20 1090 54 1136 io
65 1070 163 1153 rique
183 1068 308 1154 debeat,
330 1069 410 1153 isne,
433 1091 529 1154 quem
551 1091 617 1135 uox
636 1093 675 1136 ea
692 1077 867 1137 consecuta
890 1077 950 1155 est,
967 1094 1010 1135 an
1030 1072 1087 1156 qui

66 1158 138 1224 dies
160 1163 293 1223 noctem
316 1164 509 1224 consecutus
537 1164 596 1224 est.
627 1159 670 1223 M.
696 1159 818 1225 Varro
842 1161 882 1225 in
904 1161 1007 1226 libro
1031 1168 1113 1225 rsa-2

66 1270 153 1312 rum
176 1246 442 1332 humanarum,
464 1269 561 1332 quem
584 1249 627 1313 de
651 1248 787 1313 diebus
806 1250 947 1335 scripsit,
966 1250 1087 1315 homi·

64 1357 152 1420 nes,
181 1335 302 1421 inquit,
329 1336 394 1421 qui
418 1337 522 1419 in[de
548 1340 580 1418 a]
607 1337 732 1402 media
751 1343 864 1404 nocte
888 1339 934 1404 ad
957 1339 1086 1423 proxi-

66 1447 168 1489 mam
184 1424 348 1491 mediam
365 1431 518 1491 noctem
536 1426 576 1491 in
598 1426 659 1491 his
679 1426 786 1492 horis
808 1427 953 1513 viginti
976 1433 1086 1512 quat-

14 1518 160 1580 1stuor
181 1513 265 1578 nati
294 1519 400 1598 sunt,
430 1537 504 1583 uuo
533 1515 700 1580 dienati
723 1515 912 1581 dicuntur.
959 1514 1111 1591 Quibuss

65 1601 179 1666 verbis
200 1601 249 1667 ita
271 1602 399 1667 videtur
421 1604 547 1668 dierum
571 1604 831 1669 observationem
855 1603 1018 1688 divisisse,
1047 1608 1085 1669 ut

65 1690 126 1774 qui
148 1695 226 1774 post
253 1692 356 1757 solem
384 1714 535 1758 occasum
563 1696 638 1758 ante
665 1692 805 1758 mediam
832 1696 963 1757 noctem
988 1697 1085 1757 natus

67 1781 122 1864 sit,
144 1779 176 1843 is
199 1779 229 1844 ei
252 1780 320 1845 dies
342 1781 461 1846 natalis
486 1780 539 1865 sit,
562 1804 582 1846 a
605 1803 669 1865 quo
698 1781 749 1845 die
777 1802 815 1845 ea
839 1802 905 1845 nox
928 1781 1085 1867 coeperit,

66 1872 186 1934 contra
218 1890 309 1954 ver0,
343 1868 399 1953 qui
432 1870 468 1934 in
497 1892 554 1934 sex
587 1870 694 1935 noctis
727 1869 818 1934 horis
848 1870 1084 1954 posterioribus

14 1961 236 2042 aonascatur,
261 1979 300 2022 eo
325 1958 377 2023 dia
397 1958 500 2024 videri
525 1963 653 2042 natum,
680 1959 737 2043 qui
759 1965 836 2044 post
858 1981 930 2024 eam
953 1963 1084 2025 noctem

66 2046 231 2112 diluxerit.

134 2134 354 2200 Athenienses
372 2140 482 2200 autem
497 2135 592 2200 aliter
607 2137 789 2220 observare,
806 2136 893 2201 idem
906 2135 1030 2201 Varro
1044 2137 1111 2201 inl

66 2225 202 2289 eodem
223 2223 327 2288 libro
351 2224 491 2309 scripsit,
513 2246 633 2309 eosque
657 2247 677 2289 a
700 2225 767 2289 sole
787 2246 902 2291 occaso
922 2226 963 2290 ad
982 2225 1084 2291 solem

64 2313 188 2378 iterum
224 2312 424 2378 occidentem
459 2335 554 2378 omne
582 2314 618 2378 id
648 2313 789 2378 modium
819 2319 948 2398 tempus
983 2336 1085 2378 unum

26 2421 52 2463 ss
65 2402 156 2467 diem
186 2422 258 2466 esse
288 2401 401 2468 dicere.
447 2401 648 2486 Babylonios
684 2423 782 2487 porro
819 2402 928 2486 aliter3
966 2425 986 2466 a
1016 2403 1110 2467 soleo

64 2491 157 2556 enim
184 2493 299 2554 exorto
323 2491 364 2554 ad
391 2495 541 2555 exortum
568 2491 712 2555 eiusdem
739 2491 949 2574 incipientem
977 2494 1085 2555 totum

63 2579 100 2644 id
123 2578 270 2663 spatium
291 2579 389 2643 unius
412 2578 476 2643 diei
498 2579 629 2644 uomina
654 2579 830 2663 appellare3
856 2579 978 2644 multos
1006 2590 1111 2643 veros

64 2668 101 2732 in
123 2671 216 2732 terra
237 2665 375 2732 Vmbria
397 2689 499 2732 unum
522 2671 556 2731 et
578 2668 715 2732 eundem
739 2668 824 2731 diem
847 2688 918 2731 esse
940 2667 1047 2731 dicere
1066 2690 1086 2731 a

65 2755 204 2822 meridie
233 2756 274 2819 ad
303 2755 528 2838 insequentem
558 2755 740 2840 meridiem3
768 2755 885 2839 ‘quod
915 2753 1084 2838 quidem'

27 2844 176 2929 coinquit
200 2843 333 2908 ‘nimis
357 2845 566 2908 absurdum
589 2847 656 2908 est.
693 2841 788 2908 Nam
812 2843 877 2925 qui
896 2842 1083 2907 Kalendis

66 2934 163 2998 hora
195 2937 305 2997 sexta
336 2933 434 3016 apud
457 2931 623 2996 Vmbros
650 2936 765 2996 natus
794 2934 866 3015 est,
896 2931 977 2995 dies
1001 2932 1083 2996 eius

66 3020 215 3088 natalis
239 3020 362 3085 videri
385 3020 544 3085 debebit
567 3026 605 3086 et
628 3019 888 3085 Kalendarum
909 3020 1085 3084 dimidia-

66 3133 150 3175 rum
169 3113 209 3174 et
232 3109 298 3194 qui
321 3113 380 3173 est
402 3114 491 3194 post
515 3109 708 3174 Kalendas
732 3109 813 3173 dies
838 3113 927 3173 aute
950 3108 1084 3174 horam

66 3200 152 3265 cius
175 3197 255 3264 diei
282 3202 440 3263 sextam.

29 3303 54 3346 ⁸⁶
133 3286 300 3372 Populum
329 3292 440 3352 autem
468 3285 654 3351 Romanum
681 3285 745 3369 ita,
772 3285 822 3350 uti
844 3284 968 3350 Varro
992 3285 1109 3370 dixit,⁷

65 3377 136 3442 dies
165 3376 313 3462 singulos
344 3376 555 3440 adnumerare
583 3397 602 3438 a
625 3374 731 3439 media
760 3377 857 3440 nocte
880 3375 925 3441 ad
944 3373 1093 3440 mediam

64 3466 257 3551 proximam,
280 3464 393 3529 multis
414 3463 618 3549 argumentis
643 3465 847 3535 ostenditur.
893 3464 1005 3535 Sacra
1026 3468 1139 3531 sunus
