2392 3886
447 129 480 184 ll.
499 149 571 186 mv.
589 148 651 184 m.
1009 132 1071 195 111

56 291 350 375 conviviorumque
369 291 556 378 mugitibus
578 291 791 377 proluissent,
817 292 923 378 legem
951 292 991 356 ad
1018 314 1075 377 po

55 379 171 465 pulum
193 378 282 464 tulit,
305 400 370 463 qua
393 385 525 447 cautum
542 386 609 465 est,
624 385 663 445 ut
680 379 846 465 Kalendis,
868 379 991 465 Idibus,
1007 379 1074 447 No

55 469 108 533 nis
121 468 303 552 diebusque
321 467 474 534 ludorum
491 474 525 534 et
541 468 633 536 feriis
652 467 848 552 quibusdam
862 467 1074 535 sollemnibus

58 555 228 623 sestertios
257 562 406 623 trecenos
437 557 473 621 in
504 578 617 624 cenam
643 556 807 622 insumere
836 557 888 621 ius
915 562 1075 642 potestas·

31 665 120 730 tque
139 649 237 730 esset,
258 645 375 711 ceteris
399 651 509 715 autem
531 645 646 711 diebus
669 645 822 710 omnibus
845 666 912 710 non
935 646 1074 731 amplius
1110 706 1118 721 ,

56 735 213 801 tricenos.

123 822 261 889 Praeter
282 821 342 888 has
371 821 461 909 leges
483 821 690 889 Aemiliam
717 842 845 906 quoque
874 821 998 908 legem
1028 821 1120 892 inis

57 912 218 997 venimus,
238 932 305 995 qua
325 910 398 998 lege
416 933 484 977 non
502 915 653 997 sumptus
671 931 833 996 cenerum,
852 910 909 976 sed
926 910 1075 977 ciborum

57 1022 163 1088 genus
186 1005 221 1064 et
242 999 359 1064 modus
381 999 574 1085 praefinitus
597 1004 656 1064 est.

24 1110 45 1150 ιν
122 1087 204 1155 Lex
222 1023 471 1154 reinduistis
487 1092 617 1173 praeter
636 1092 803 1189 sumptum
821 1087 905 1153 aeris
923 1088 958 1154 id
975 1088 1119 1157 etiamn

57 1177 182 1263 sanxit,
209 1177 328 1260 utqui
354 1177 569 1264 magistratus
597 1181 683 1242 esset
698 1175 980 1278 magistratumve
1003 1198 1075 1262 cap

55 1270 277 1351 turusesset,
303 1287 432 1350 nequo
456 1267 497 1331 ad
519 1286 647 1350 cenam,
672 1263 737 1330 nisi
766 1265 807 1330 ad
834 1270 939 1332 certas
966 1287 1076 1350 perso

151 1355 260 1419 iteret

53 1377 299 1509 naus'Postrema
320 1441 382 1507 lex
404 1441 508 1508 Iulia
530 1442 571 1508 ad
593 1441 752 1528 populum
769 1442 917 1527 pervenit
935 1439 1074 1508 Caesare
1086 1463 1119 1512 14

14 1553 41 1597 ιι
54 1532 214 1619 Augusto
235 1531 432 1616 imperante,
459 1553 524 1615 qua
553 1531 707 1616 profestis
731 1530 860 1614 quidem
884 1531 998 1597 diebus
1021 1531 1077 1596 du·

55 1620 148 1688 oenti
174 1619 343 1705 finiuntur,
369 1619 536 1705 Kalendis,
566 1618 689 1704 Idibus,
715 1617 821 1684 Nonis
851 1624 885 1684 et
910 1619 983 1684 aliis
1009 1619 1077 1702 qui·

55 1709 200 1775 busdam
221 1707 316 1774 festis
341 1709 493 1794 trecenti,
517 1709 642 1793 nuptiis
668 1713 778 1774 autem
808 1713 842 1772 et
868 1708 1004 1792 repotiis
1032 1728 1078 1771 se

58 1797 172 1864 stertii
194 1797 293 1863 mille.

128 1885 211 1951 Esse
234 1885 335 1951 etiam
356 1885 437 1950 dicit
460 1882 599 1971 Capito
621 1884 760 1951 Ateius
784 1883 939 1968 edictum,
967 1883 1119 1955 divinem

12 1974 207 2062 ”Augusti
240 1996 284 2041 an
316 1973 439 2040 Tiberii
469 1972 618 2039 Caesaris
646 1994 715 2038 non
744 1973 824 2038 satis
855 1972 1078 2059 commemini,

58 2084 127 2149 quo
151 2063 257 2131 edicto
280 2085 339 2147 per
360 2062 486 2128 dierum
504 2063 611 2128 varias
631 2062 866 2128 sollemnitates
885 2083 906 2127 a
922 2062 1077 2127 trecentis

59 2151 224 2223 sestertiis
246 2152 390 2234 adusque
408 2152 473 2217 duo
493 2151 644 2217 sestertia
663 2157 813 2236 sumptus
832 2172 984 2216 cenarum
1003 2172 1076 2235 pro

57 2245 204 2328 pagatus
233 2245 299 2325 est,
334 2245 372 2305 ut
401 2239 452 2304 his
482 2240 598 2305 saltem
625 2240 746 2305 finibus
774 2240 921 2305 luxuriae
948 2239 1077 2304 efferre

60 2329 186 2396 scentis
206 2333 315 2394 aestus
335 2334 545 2394 coerceretur.

17 2543 45 2585 ιι
503 2520 621 2588 ‘XXV.

124 2643 201 2710 Quid
218 2640 373 2699 Graeoiclv
374 2645 501 2714 αλονλιν,
521 2642 590 2714 quid
608 2645 707 2698 contra
724 2637 889 2712 ἄναννμαλί
906 2645 1015 2697 vocent.

129 2770 172 2835 In
184 2769 304 2836 Latino
319 2791 477 2856 sermone,
496 2770 608 2836 sient
598 2792 634 2834 m
648 2768 783 2855 Graeco,
801 2769 857 2834 alii
871 2768 1026 2851 ἀναλογί
1024 2769 1077 2834 αν’
1108 2790 1121 2838 1

62 2859 264 2945 sequendam
288 2822 501 2945 putarenuit,
526 2859 582 2925 ιλιι
606 2857 831 2943 ἀνωμαλίανὶ
868 2855 1075 2940 Ἀναλογία
1105 2877 1121 2927 2

63 2955 115 3017 est
139 2947 296 3017 similium
318 2947 436 3019 similis
458 2911 650 3032 declinatio,
679 2968 777 3030 quem
807 2946 939 3030 quidam
961 2945 1079 3011 Latine

23 3036 337 3211 iffi,
365 2998 836 3192 {ttffllsiittlttfi‘
861 3035 1079 3190 tfiqtfils
1106 3053 1125 3190 l

65 3214 183 3282 Graeci
206 3215 413 3302 grammatici
435 3214 580 3280 illustres
602 3146 859 3279 Arisiarehus
883 3218 916 3278 et
941 3208 1079 3276 Crates

63 3325 195 3371 summa
212 3324 284 3396 ope,
301 3303 358 3369 ille
376 3303 567 3388 ἀναλογίαν,
585 3300 639 3368 λιιι
652 3301 845 3386 ἀνωμαλίαν
863 3298 1079 3366 defensitavit

63 3391 107 3458 M.
130 3391 326 3459 Varronis
348 3391 450 3457 liber
472 3392 517 3457 ad
541 3355 766 3456 Ciceronem
789 3390 835 3456 de
856 3389 996 3478 lingua
1014 3386 1082 3457 lra-
1108 3407 1129 3456 t

26 3482 148 3548 “tina
178 3485 340 3551 octavus
366 3480 490 3545 nullam
524 3502 595 3548 esse
631 3481 909 3552 observationem
938 3477 1108 3550 similium
