2392 3886
124 132 167 198 96
540 130 575 188 11.
593 150 648 187 xva
661 150 725 187 xvn.

124 296 219 360 lium
264 294 523 360 monumentis
570 295 730 381 scriptum
770 298 837 379 est,
881 301 961 381 post
1001 300 1126 362 mortem

126 384 282 467 [Aeneae]
317 389 415 449 natus
450 388 501 449 est
536 384 578 448 ob
614 406 750 469 eamque
782 405 916 449 causam
943 406 1127 471 praenomen

125 474 155 539 ei
178 473 337 539 Postumo
360 472 433 559 fuit,
457 495 522 557 qua
543 473 671 539 ratione
695 473 880 539 subiectum
903 478 969 541 est:

169 580 285 657 Quem
314 581 389 646 tibi
417 580 607 667 longaevo
635 603 762 646 serum
784 582 951 649 Lavinia
973 581 1129 649 coniunx

169 670 318 736 Educet
342 670 480 735 silvis?
504 707 546 717 -
1146 692 1156 735 1

98 778 205 851 411111
224 778 311 843 enim
329 777 429 842 verba
447 776 631 863 significare
649 776 751 841 videri
769 780 920 862 possunt,
942 774 1057 843 Aenea
1068 776 1130 843 1111

98 889 162 939 sac
185 867 252 931 iam
275 888 361 950 sene,
387 870 502 930 natum
525 865 555 931 ei
580 862 718 930 Silvium
741 868 774 930 et
798 865 983 931 educatum.
1030 865 1131 951 Itaque

124 954 208 1020 hanc
233 954 429 1019 sententiam
456 977 527 1020 esse
554 954 730 1020 verborum
754 953 896 1020 istorum
924 951 1131 1021 Caesellius

125 1043 279 1128 opinatus
297 1044 338 1107 in
356 1043 633 1109 commentario
652 1043 865 1109 lectionum
878 1043 1133 1129 antiquarum,

125 1131 347 1218 ‘postuma',
373 1132 495 1217 inquit,
523 1131 684 1217 ‘proles’
714 1153 791 1198 non
813 1153 897 1197 eum
924 1132 1158 1219 significatu

126 1221 191 1306 qui
213 1226 324 1306 patre
343 1226 512 1308 mortuo,
535 1222 600 1287 sed
619 1220 683 1305 qui
701 1226 902 1307 postremo
921 1221 1014 1289 loco
1031 1224 1133 1291 natus

126 1315 200 1394 est,
228 1309 347 1376 sicuti
373 1306 534 1396 Silvius,
562 1310 627 1394 qui
650 1309 779 1376 Aenea
804 1310 880 1376 iam
909 1331 1004 1377 sene
1034 1310 1133 1379 tardo

100 1421 291 1483 oseroque
323 1403 439 1483 partu
471 1404 530 1464 est
563 1399 700 1464 editus.
761 1396 824 1464 Sed
854 1398 955 1465 huius
988 1398 1133 1467 historiae

101 1493 294 1561 sauctorem
324 1487 477 1552 idoneum
507 1488 634 1553 nullum
666 1488 829 1575 nominat3
861 1486 1005 1555 Silvium
1036 1492 1133 1557 autern

125 1581 202 1663 post
220 1576 350 1642 Aeneae
369 1581 519 1663 mortem,
535 1577 633 1644 sicuti
654 1577 804 1663 diximus,
822 1580 939 1643 natum
958 1599 1033 1645 esse
1049 1574 1158 1645 multia

124 1666 337 1732 tradiderunt.

100 1776 117 1827 s
193 1756 319 1822 Idcirco
343 1754 587 1839 Apollinaris
619 1752 818 1840 Sulpicius
846 1754 933 1819 inter
961 1754 1135 1841 cetera,in

127 1845 200 1930 quis
224 1843 459 1910 Caesellium
482 1844 703 1929 reprehendit,
725 1843 788 1908 hoc
811 1864 941 1928 quoque
960 1844 1034 1910 eius
1052 1842 1134 1929 quusi

125 1939 271 2017 erratum
286 1933 515 1998 animadvertit
529 1931 712 2017 errorisque
720 1932 818 1997 istius
827 1932 913 1998 hanc
927 1954 1001 1998 esse
1014 1952 1135 2000 causam

127 2023 217 2087 dixit.
251 2020 356 2096 ‘Quod
380 2022 538 2107 scriptum
561 2021 642 2086 itast
671 2020 804 2098 ‘Quem
826 2020 903 2085 tibi
925 2018 1159 2109 longaevo,'s

126 2111 234 2194 inquit
254 2108 332 2173 ‘non
355 2110 424 2173 seni
448 2111 621 2197 significet,
643 2111 705 2176 hoc
729 2110 816 2175 enim
838 2114 889 2175 est
912 2115 1031 2177 contre
1044 2110 1136 2177 histo

127 2199 195 2264 riae
222 2198 334 2282 fidem,
364 2198 421 2262 sed
447 2198 482 2263 in
505 2200 642 2286 longum
664 2200 731 2265 iam
754 2220 871 2265 aevum
892 2202 928 2264 et
949 2204 1137 2287 perpetuum

101 2291 260 2371 srecepto
282 2285 527 2371 immortalique
550 2289 647 2354 facto.
684 2287 845 2354 Anchises
868 2287 966 2374 enim,
990 2288 1049 2374 qui
1064 2288 1136 2355 haec

127 2377 169 2442 ad
190 2375 294 2441 filium
318 2375 406 2461 dicit,
430 2376 554 2443 sciebat
577 2400 666 2462 eum,
693 2400 767 2443 oum
796 2377 968 2442 hominum
991 2378 1063 2443 vita
1084 2376 1137 2443 die

127 2465 287 2548 cessisset,
300 2463 519 2530 immortalem
534 2470 631 2549 atque
645 2466 824 2551 indigetem
837 2465 988 2531 futurum
1002 2470 1037 2532 et
1045 2466 1162 2569 longos

83 2574 117 2624 10
126 2559 347 2640 perpetuoque
371 2575 450 2619 aevo
469 2554 673 2639 potiturum’.
710 2554 783 2620 Hoc
802 2575 880 2620 sane
897 2554 1137 2639 Apollinaris

126 2647 250 2730 argute.
298 2640 362 2707 Sed
384 2642 473 2708 aliud
502 2647 613 2709 tamen
640 2648 692 2709 est
714 2643 863 2731 ‘longum
890 2644 1030 2730 aevum’,
1058 2642 1138 2711 aliud

126 2731 353 2818 ‘perpetuum',
375 2753 479 2816 neque
503 2732 548 2798 dii
572 2732 747 2820 ‘longaevi'
767 2732 983 2818 appellantur,
1007 2734 1066 2800 sed
1087 2732 1137 2799 ‘in

76 2830 79 2835 '
126 2820 304 2887 mortales'.

582 2962 688 3030 XVII.
1147 2980 1166 3027 11

127 3063 292 3122 Cuiusmodi
310 3080 371 3119 esse
389 3067 521 3120 naturam
540 3067 717 3134 quarundam
734 3064 979 3137 praepositionum
996 3066 1036 3121 Μ.
1050 3068 1140 3125 ciero

164 3134 407 3203 animadverterit3
423 3135 667 3206 disceptatumque
681 3137 723 3192 ibi
737 3153 821 3209 super
830 3153 864 3193 eo
873 3135 944 3208 ipso,
959 3138 1040 3207 quod
1049 3138 1141 3195 Cicero

163 3207 369 3263 observaverat.

102 3335 117 3385 1
195 3314 374 3382 Observate
393 3315 583 3399 curioseque
603 3316 832 3384 animadvertit
852 3316 1068 3385 turullius
1085 3316 1141 3386 ‘in’

128 3410 161 3471 et
189 3404 292 3470 ‘con'
315 3404 574 3490 praepositiones
597 3407 705 3471 verbis
734 3412 790 3473 aut
812 3406 982 3474 vocabulis
1010 3426 1170 3497 praepos

125 3494 208 3561 sitas
231 3498 310 3562 tunc
332 3493 468 3581 produci
490 3498 589 3579 etque
610 3495 1144 3585 protendi,cu1nlitteraeseque·

193 3828 259 3844 Α
