2392 3886
510 770 553 842 Α.
582 768 744 842 GELLII

109 951 349 1039 NOO'HVM
376 951 681 1038 luuloluvu
709 952 875 1036 LIBER
902 950 1134 1039 TERTIVS.

617 1279 642 1345 Ι.

114 1400 285 1466 Quaesitum
304 1403 390 1469 atque
408 1403 575 1468 tractatum,
598 1417 684 1470 quam
704 1402 740 1456 ob
763 1418 877 1457 causum
896 1403 1048 1458 Sallustius
1073 1419 1138 1457 arur

85 1471 252 1526 tritium
270 1471 375 1526 dixerit
392 1488 449 1526 uon
462 1471 588 1526 animum
601 1472 685 1528 modo
704 1473 823 1542 virilem,
842 1474 892 1529 sed
906 1491 1006 1544 corpus
1025 1489 1138 1543 quoque

152 1543 249 1612 ipsum
268 1541 438 1598 effeminare.

184 1668 335 1734 Hieme
325 1692 392 1736 1am
415 1671 588 1735 decedente
615 1669 700 1754 apud
723 1669 856 1735 balneas
880 1669 1015 1735 Titias
1006 1692 1041 1734 m
1064 1685 1164 1735 areal

117 1758 287 1824 subcalido
322 1759 391 1824 sole
424 1781 499 1824 cum
537 1758 729 1823 Favorino
764 1758 960 1843 philosopho
996 1759 1139 1824 ambula

117 1849 250 1933 bamus3
278 1853 400 1950 atque..
398 1848 446 1913 ibi
472 1849 558 1912 inter
581 1847 814 1912 ambulandum
841 1847 1105 1934 legebaturt
1035 1845 1139 1912 Cati

78 1964 103 2002 ιο
116 1936 200 2002 lina
219 1934 400 2002 Sallust‘
353 1941 402 2002 t11
407 1958 536 2022 ,quem
558 1935 593 2000 in
611 1957 710 2002 manu
729 1937 826 2002 amici
844 1943 1054 2022 conspectum
1072 1936 1139 2024 legi

116 2026 268 2090 iusserat.
310 1988 464 2128 Cumque
474 2026 554 2090 haec
572 2025 672 2091 verba
690 2047 730 2090 ex
748 2047 786 2091 eo
810 2026 895 2091 libro
913 2027 998 2092 lecta
1017 2031 1138 2092 essent:
1148 2039 1164 2088 2

117 2113 302 2179 Avaritia
328 2115 514 2200 pecuniae
539 2114 708 2179 studium
736 2114 868 2201 habet,
895 2138 1006 2199 quam
1029 2136 1138 2180 nemo

119 2203 277 2288 sapiens
315 2204 557 2289 concupivit3
600 2224 643 2267 ea
680 2204 792 2288 quasi
827 2205 987 2269 venenis
1020 2204 1135 2268 malis

117 2293 270 2357 imbuta
297 2312 437 2377 eorpus
466 2292 709 2376 animumque
740 2292 894 2357 virilem
923 2293 1140 2378 effeminat,

81 2405 106 2446 ιι
119 2402 271 2465 semper
291 2380 454 2445 infinita
473 2386 511 2445 et
532 2380 777 2446 insatiabilis
796 2387 869 2468 est,
886 2403 1008 2466 neque
1028 2381 1141 2465 copia

117 2489 242 2553 neque
265 2469 400 2554 inopia
422 2469 625 2554 minuitur,
647 2474 718 2534 tum
741 2468 957 2535 Favorinus
981 2491 1032 2534 me
1056 2469 1165 2554 aspi-³

119 2559 207 2623 ciens
232 2557 322 2642 ‘quo'
345 2558 453 2642 inquit
476 2558 586 2642 ‘paeto
605 2579 722 2642 corpus
745 2557 888 2623 hominis
907 2555 1055 2623 avaritia
1068 2559 1141 2622 effe-

118 2645 246 2711 minat?
270 2645 348 2730 quid
372 2646 458 2712 enim
480 2647 525 2711 ist
511 2652 566 2712 tue
590 2646 648 2731 sit,
670 2647 757 2731 quod
781 2648 925 2711 animum
947 2647 1074 2710 virilem
1098 2647 1140 2710 ab

119 2757 156 2799 ea
179 2734 360 2799 effeminari
383 2734 475 2820 dixit,
496 2734 608 2798 videor
630 2734 731 2798 ferme
754 2736 893 2821 assequi,
916 2740 975 2818 set,
998 2755 1141 2818 quonam

87 2823 215 2888 amodo
236 2842 355 2906 corpus
379 2844 508 2908 quoque
525 2821 668 2886 hominis
692 2823 864 2908 effeminet,
885 2822 1030 2886 nondum
1052 2845 1141 2907 repe

119 2911 189 2977 rio'.
232 2911 291 2976 Et
308 2911 382 2997 ego'
405 2911 462 2996 inq
463 2933 540 2975 uam
563 2910 672 2997 longe
694 2910 849 2975 iamdiu
840 2934 875 2975 m
894 2932 932 2976 eo
955 2911 1026 2996 ipse
1045 2931 1167 2996 quaes

119 3000 219 3066 rendo
234 2999 283 3063 fui
298 3021 345 3085 ec,
361 2999 426 3063 nisi
440 3005 477 3064 tu
493 3020 695 3084 occupasses,
716 2999 804 3064 ultro
822 3004 856 3064 te
874 2999 937 3065 hoc
951 2999 1140 3086 rogassem'

184 3088 252 3153 Vix
281 3109 342 3174 ego
369 3088 450 3154 haec
478 3088 621 3153 dixeram
645 3089 905 3174 cunctabundus,
933 3093 1030 3174 atque
1057 3088 1166 3158 inibis

119 3179 283 3263 quispiam
298 3178 337 3242 de
355 3177 573 3242 sectatoribus
587 3176 786 3263 Favorini,
805 3179 860 3263 qui
879 3177 1051 3242 videbatur
1069 3197 1140 3240 esse
1176 3225 1179 3231 ff

90 3267 152 3330 ain
182 3266 304 3331 litteris
332 3271 509 3352 veterator,
537 3265 778 3351 ‘Valerium',
806 3266 927 3351 inquit,
957 3265 1141 3329 ‘Probum

118 3355 229 3420 audivi
248 3354 328 3420 haec
347 3355 466 3421 dicere:
484 3377 578 3420 usum
594 3376 665 3421 esse
680 3353 921 3425 Sallustium
939 3354 1158 3424 circumlocu-

116 3445 206 3507 tione
233 3443 367 3524 quadarn
384 3443 519 3525 poetica
541 3450 589 3533 et,
617 3469 696 3515 cum
722 3449 835 3521 dicere
860 3451 971 3521 uellet
990 3447 1184 3516 bominem
