2392 3886
490 151 510 209 1-
530 171 558 206 11·
994 153 1037 219 39

510 314 551 378 ΙΙ.

16 437 63 492 Ab
86 436 197 491 Herode
219 435 317 491 Attico
341 436 370 491 C.
393 435 427 490 V.
454 438 512 490 tem
532 435 621 490 estive
650 435 819 516 deprompta
841 435 871 490 in
896 436 1039 506 quendam

53 507 208 565 iactantem
231 509 261 561 et
283 507 438 577 gloriosum
457 453 608 587 adulescen
623 522 682 574 em,
705 521 799 587 specie
816 509 930 587 tantum
947 508 1039 590 philo·

54 577 172 649 sophiae
196 580 379 645 sectatorem,
405 577 492 632 verba
510 576 635 647 Eprcteti
654 576 755 643 Storcr,
775 576 878 644 qurbus
897 577 1039 634 festiviter

55 665 156 703 avere
177 648 272 704 Stoico
292 647 415 703 seiunxit
432 648 534 718 vulgus
554 647 715 716 loquacium
735 646 916 714 nebulonum,
935 649 983 717 qui
1008 667 1038 703 se

55 719 164 775 Stoicos
184 722 389 789 nuncuparent.

85 844 260 911 Herodes
284 845 455 932 Atticus,
476 846 527 912 vir
545 851 579 912 et
598 844 722 911 Graeca
740 843 893 911 facundia
911 849 945 910 et
963 857 1063 910 oon-1

16 934 121 999 sulari
152 935 275 1000 honore
307 935 487 1021 praeditus,
519 935 705 1001 accersebat
733 955 843 1018 saepe,
869 955 929 999 nos
962 956 1037 1000 cum

18 1024 105 1108 apud
133 1024 310 1110 magistros
342 1023 482 1089 Athenis
514 1046 673 1108 essemus,
705 1023 741 1087 in
772 1022 866 1087 villas
899 1023 929 1087 ei
963 1023 1037 1088 urbi

16 1112 184 1197 proximas
221 1135 273 1178 me
309 1117 343 1178 et
381 1113 598 1179 clarissimum
634 1112 740 1177 virum
774 1109 1037 1177 Servilianum

17 1201 266 1286 compluresque
289 1201 371 1267 alios
393 1206 573 1286 nostrates,
600 1200 655 1286 qui
678 1199 785 1266 Roma
807 1200 842 1264 in
866 1198 1036 1265 Graeciam

16 1291 57 1354 ad
81 1290 275 1375 capiendum
292 1290 417 1377 ingenii
440 1291 564 1357 cultum
588 1294 822 1355 concesserant.
860 1288 969 1374 Atque
987 1289 1062 1353 ibis

16 1385 112 1462 tunc,
135 1400 210 1443 eum
232 1400 376 1444 essemus
396 1380 481 1464 apud
504 1402 579 1444 eum
601 1379 636 1443 in
653 1378 746 1463 villa,
769 1378 821 1443 cui
844 1399 964 1443 nomen
986 1382 1037 1443 est

16 1465 187 1552 Cephisia,
214 1473 247 1533 et
274 1473 366 1533 aestu
395 1469 470 1533 armi
499 1472 532 1533 et
555 1468 658 1533 sidere
682 1466 831 1532 autumni
854 1467 1038 1555 flagrantis-

16 1557 114 1641 simo,
126 1556 398 1641 propulsabamus
411 1557 618 1623 incommoda
627 1555 744 1621 caloris
759 1556 904 1621 lucorum
920 1556 1037 1621 umbra

14 1644 212 1731 ingentium,
225 1645 334 1731 longis
349 1645 544 1724 ambulacris
558 1650 591 1710 et
606 1645 770 1730 mollibus,
784 1645 912 1709 aedium
924 1645 1037 1730 positu

14 1733 236 1819 refrigeranti,
254 1733 391 1799 lavacris
410 1734 523 1799 nitidis
542 1739 575 1799 et
594 1732 733 1798 abundis
752 1737 786 1797 et
800 1732 1036 1798 collucentibus

15 1823 187 1906 totiusque
206 1822 302 1887 villae
321 1828 501 1909 venustate,
521 1823 615 1907 aquis
630 1821 772 1905 rmdique
792 1820 920 1885 canoris
939 1826 1036 1905 atque

15 1912 135 1977 avibus
157 1915 362 1995 personante.

86 1999 168 2064 Erat
181 1999 303 2065 ibidem
316 2000 489 2066 nobiscum
503 2000 600 2065 simul
610 1999 798 2064 adulescens
807 1997 1035 2084 philosophiae
1048 2016 1064 2064 3

14 2093 171 2174 sectator,
194 2088 414 2174 disciplinae,
437 2093 475 2154 ut
491 2089 562 2173 ipse
582 2089 719 2173 dicebat,
742 2086 895 2172 ‘stoicae',
917 2089 974 2154 sed
992 2088 1038 2153 lo

13 2177 154 2263 quacior
176 2177 329 2262 inpendio
352 2182 385 2242 et
407 2177 599 2262 promptior.
636 2177 669 2241 Is
692 2177 882 2261 plerumque
905 2177 940 2241 in
963 2192 1064 2243 con-4

13 2267 106 2332 vivio
130 2266 344 2351 sermonibus,
362 2266 418 2350 qui
441 2271 518 2351 post
536 2266 648 2350 epulas
666 2265 780 2331 haberi
799 2265 915 2350 solent,
934 2265 1037 2330 multa

15 2361 118 2440 atque
139 2355 303 2420 inmodica
326 2354 365 2420 de
383 2354 609 2439 philosophiae
633 2354 789 2419 doctrinis
808 2353 1037 2438 intempestive

16 2449 118 2529 atque
141 2443 290 2508 insubide
310 2443 491 2509 disserebat
509 2465 649 2528 praeque
674 2465 707 2508 se
731 2463 797 2507 uno
821 2447 947 2507 eeteros
971 2463 1038 2507 om·

14 2555 76 2598 nes
104 2532 236 2618 linguae
258 2531 389 2599 Atticae
416 2533 580 2618 principes
609 2536 802 2618 gentemque
832 2551 961 2595 omnem
989 2535 1037 2595 to-

14 2626 146 2709 gatam,
173 2621 412 2706 quodcumque⁴
430 2642 550 2686 nomen
581 2619 736 2686 Latinum
768 2620 864 2684 rudes
896 2641 966 2684 esse
1004 2626 1037 2685 et

16 2715 166 2797 agrestes
179 2710 388 2794 praedicabat
405 2715 503 2795 atque
520 2710 645 2774 interea
658 2708 825 2774 vocabulis
842 2708 924 2773 haut
942 2708 1038 2775 facile
1139 2788 1142 2793 Ι

16 2797 172 2886 cognitis,
190 2798 455 2885 syllogismorum
469 2799 719 2883 captionumque
738 2797 980 2863 dialecticarum
993 2798 1038 2863 la·

16 2888 112 2974 queis
127 2888 303 2973 strepebat,
315 2889 576 2974 κυριεύοντας
590 2891 623 2951 et
636 2886 905 2971 ἡσυχάζοντας
918 2891 951 2951 et
965 2904 1037 2952 σω·

17 2979 152 3062 patrer
170 2977 316 3061 aliosque
329 2975 364 3042 id
378 2998 480 3064 genus
491 2975 626 3062 griphos
638 2975 802 3040 neminem
816 2996 912 3059 posse
927 2976 1035 3042 dicens

17 3066 85 3131 nisi
119 3087 153 3130 se
181 3065 365 3131 dissolvere.
424 3064 508 3130 Rem
538 3085 615 3130 vero
649 3064 790 3129 ethicam
821 3069 1036 3149 naturamque

16 3153 155 3220 humani
172 3154 297 3241 ingenii
315 3155 537 3238 virtutumque
561 3153 704 3240 origines
729 3153 901 3237 officiaque
925 3175 1037 3218 earum

17 3249 52 3310 et
77 3242 219 3309 confinia
238 3248 295 3308 aut
319 3248 433 3309 contra
450 3243 640 3308 morborum
664 3241 883 3326 vitiorumque
906 3241 1036 3307 fraudes

18 3328 268 3417 animorumque
287 3331 387 3417 labes,
408 3331 613 3416 pestilentias
631 3331 839 3395 asseverabat
861 3330 942 3395 nulli
966 3351 1037 3394 esse
1156 3366 1159 3371 ·

18 3422 79 3488 ulli
101 3420 208 3508 magis
227 3443 266 3487 ea
289 3421 398 3486 omnia
420 3420 596 3505 explorata,
619 3425 786 3503 comperta
808 3419 1036 3502 meditataque.

16 3509 228 3578 Cruciatibus
257 3514 366 3574 autem
394 3509 625 3592 doloribusque
649 3509 795 3593 corporis
823 3511 855 3571 et
882 3506 1064 3592 perieulise
