2392 3886
451 163 607 220 unm
996 162 1039 229 Μ

15 328 185 414 quondam
207 350 227 392 a
250 328 415 393 communi
438 328 576 393 consilio
595 327 694 392 Asiae
717 327 882 393 decretum
906 334 966 413 est,
989 328 1039 394 uti

14 439 138 484 nomen
166 417 250 502 eius,
277 416 334 501 qui
356 417 515 502 templum
538 416 664 481 Dianae
691 416 815 501 Ephesi
841 417 1040 502 incenderat,

15 529 58 572 ne
81 507 157 592 quis
180 506 249 571 ullo
271 506 307 570 in
328 509 476 592 tempore
498 505 704 571 nominaret.

83 594 235 660 Tertium
256 597 360 659 restat
383 616 423 659 ex
445 594 488 680 is,
515 615 598 678 quse
619 594 816 680 reprehensa
839 599 930 679 sunt,
952 596 1040 678 quod
1051 606 1085 656 la

16 685 193 750 tunicam
220 683 463 768 squalentem
490 705 582 748 euro
607 684 697 749 dixit.
743 682 782 747 Id
805 688 916 748 autem
939 683 1083 769 signi-20

15 774 96 839 ficet
115 773 246 859 copiam
259 773 517 857 densitatemque
532 773 602 838 aun'
620 773 656 837 in
674 794 884 856 squamarum
898 772 1039 858 speciem

15 863 146 927 intexti.
189 860 376 946 ‘Squalere'
400 861 487 926 enim
505 861 630 927 dictum
653 883 672 925 u
691 883 899 945 squamarum
922 861 1040 926 crebri-

15 955 88 1017 tate
103 951 356 1036 asperitateque,
375 972 456 1034 quae
475 951 511 1015 in
525 950 725 1036 serpentium
743 951 922 1036 pisciumve
941 950 1038 1016 coriis

16 1041 180 1106 visuntur.
230 1038 335 1116 Quem
362 1061 431 1104 rem
458 1045 492 1104 et
524 1039 580 1104 alii
612 1044 645 1104 et
675 1038 738 1105 bic
766 1040 896 1124 quidem
923 1044 1084 1124 poetam

16 1128 99 1195 locis
125 1129 252 1213 aliquot
275 1129 491 1194 demonstrat:

465 1242 582 1319 Quem
604 1242 735 1328 pellis,
757 1242 879 1329 inquit,
902 1243 1038 1309 ahenis

61 1333 108 1399 In
136 1333 305 1418 plumam
333 1332 503 1416 squamis
532 1353 625 1398 auro
653 1338 835 1398 conserte
865 1333 1040 1419 tegebat,

17 1454 51 1514 et
75 1448 143 1514 alio
166 1449 253 1514 loco:
1047 1469 1083 1518 22

63 1563 223 1647 Iamque
242 1563 336 1629 adeo
354 1563 522 1628 rutilum
540 1561 705 1628 thoraca
722 1563 882 1628 indutus
902 1560 1038 1649 ahenis

64 1652 263 1717 Horrebat
287 1652 468 1736 squamis.

17 1766 162 1834 Accius
185 1767 226 1832 in
248 1765 448 1852 Pelopidis
471 1767 520 1832 ita
544 1766 673 1832 scribit:
1048 1778 1085 1828 23

63 1863 160 1947 iiius
198 1881 396 1966 serpentis
433 1883 615 1966 squamae
653 1880 832 1965 squalido
871 1883 964 1944 adro
1002 1883 1039 1944 et

471 1970 642 2056 purpurei
664 1974 878 2055 pertextae.

18 2084 184 2169 Quicquid
213 2084 317 2171 igitur
346 2084 444 2149 nimis
474 2083 675 2150 inculcatum
698 2084 906 2168 obsitumque
930 2083 1085 2168 aliquan

19 2198 56 2241 re
79 2179 168 2259 erat,
196 2179 235 2238 ut
257 2173 420 2238 incuteret
443 2172 624 2238 visentibus
647 2173 730 2239 fecie
753 2195 839 2239 nova
860 2173 1040 2255 horrorem,

18 2265 53 2329 id
85 2261 259 2347 ‘squalere’
293 2262 469 2328 dicebatur.
526 2258 580 2327 Sic
611 2262 648 2325 in
679 2263 869 2348 corporibus
905 2260 1039 2326 incultis
1049 2274 1085 2324 ao

19 2351 270 2436 squamosisque
290 2350 357 2416 alta
375 2350 543 2436 congeries
563 2350 708 2416 sordium
727 2349 883 2434 ‘squalor'
900 2349 1041 2434 appella·

18 2444 126 2507 batur.
166 2437 266 2504 Cuius
290 2438 540 2526 significationis
564 2439 669 2504 multo
692 2439 887 2522 assiduoque
911 2460 973 2503 usu
992 2442 1041 2502 to·

19 2535 94 2596 tum
115 2529 151 2594 id
168 2528 304 2593 verbum
322 2529 370 2593 ita
389 2527 648 2593 contaminatum
667 2532 727 2613 est,
744 2532 782 2592 ut
800 2528 868 2592 iam
883 2525 1039 2609 ‘squalor'

19 2621 59 2684 de
89 2640 126 2683 rc
157 2617 223 2682 alia
255 2616 346 2682 nulle
378 2616 541 2700 quamde
575 2616 654 2681 solis
689 2615 944 2700 inquinamentis
976 2615 1040 2681 dici

20 2707 176 2793 coeperit.

494 2880 569 2947 VII.

20 3005 61 3061 De
80 3002 176 3061 officio
195 3018 264 3073 erga
281 3004 377 3073 patres
393 3001 557 3068 liberorum
578 3001 669 3072 deque
688 3017 723 3056 ea
740 3017 771 3056 re
789 3017 824 3056 ex
841 2998 1041 3070 philosophiae

54 3075 149 3145 libris,
167 3073 198 3128 in
216 3072 319 3142 quibus
338 3073 474 3143 scriptum
489 3072 706 3143 quaesitumque
724 3074 777 3140 est,
795 3088 833 3127 an
847 3070 977 3126 omnibus
991 3087 1041 3140 pa·

54 3147 110 3203 tris
123 3144 211 3203 iussis
229 3144 442 3213 obsequendum
461 3143 506 3200 sit.

86 3255 210 3333 Quaeri
237 3254 372 3318 solitum
395 3256 446 3318 est
469 3253 504 3317 in
532 3253 803 3338 philosophorum
833 3250 1041 3336 disceptatio·
1069 3260 1085 3312 1

19 3346 119 3412 nibus
148 3364 191 3409 an
210 3364 338 3428 semper
355 3343 455 3427 inque
474 3342 625 3407 omnibus
643 3342 742 3407 iussis
761 3340 848 3426 patri
862 3338 1041 3425 parendum

20 3435 73 3500 sit.
111 3397 218 3518 duper
241 3453 280 3498 ea
302 3453 337 3496 re
357 3429 496 3496 Graeci
518 3431 730 3515 nostrique,
749 3429 805 3513 qui
825 3429 868 3493 de
888 3427 1040 3492 officiis
1069 3437 1087 3487 2

19 3524 234 3608 scripserunt,
256 3526 324 3586 tres
347 3520 525 3585 sententias
550 3541 629 3606 esse,
653 3540 736 3602 quae
755 3516 949 3602 spectandae
969 3536 1043 3580 con·
