2392 3886
123 143 146 208 4
529 141 736 198 PRAEFATIO

125 308 363 391 persequantur
381 325 420 368 ea
441 309 527 390 post,
550 305 578 370 si
601 305 727 392 libebit,
750 305 802 372 vel
824 305 917 370 libris
935 304 1074 390 repertis
1093 306 1146 370 vel

80 411 115 463 18
124 393 301 480 magistris.
347 390 436 468 Quae
464 415 540 458 vero
567 395 755 480 putaverint
781 394 1056 480 reprehendenda,
1083 394 1147 480 his,

124 482 154 548 si
177 482 352 567 audebunt,
375 487 595 569 succenseant,
617 484 703 548 unde
722 506 760 549 ea
782 504 843 547 nos
868 482 1064 569 accepimus3
1088 483 1146 548 sed

122 571 219 656 enim,
243 592 325 656 quae
349 570 444 636 aliter
467 572 553 655 apud
576 571 678 637 alium
697 572 820 658 scripta
842 571 992 658 legerint,
1013 592 1055 635 ne
1078 572 1147 637 iam

123 659 250 745 statim,
277 665 420 744 tempere
445 660 650 745 obstrepant,
677 662 734 726 sed
757 665 791 726 et
812 660 956 726 rationes
980 681 1089 724 rerum
1109 665 1147 726 et
1173 677 1185 718 ι

123 749 336 815 auctoritates
358 748 529 814 hominum
546 748 721 834 pensitent,
744 770 825 834 quos
849 748 898 813 illi
919 769 1064 833 quosque
1083 771 1145 814 nos

125 838 229 903 secuti
253 858 373 902 sumus.

81 944 114 994 la
213 925 288 990 Erit
302 924 461 989 autemid
478 925 576 1012 longe
591 924 761 1010 optimum,
778 929 816 990 ut
830 925 887 1009 qui
905 925 941 989 in
958 925 1148 1012 lectitando,

123 1012 356 1100 percontando,
375 1012 556 1099 scribendo,
570 1014 830 1100 commentando,
842 1035 1021 1098 numquam
1035 1014 1148 1100 volup·

123 1107 224 1187 tates,
252 1122 431 1186 numquam
457 1101 586 1168 labores
615 1105 783 1188 oepenmt,
812 1102 920 1167 nullas
947 1103 1011 1169 hoc
1042 1124 1146 1189 genus
1161 1121 1184 1161 n

123 1191 254 1278 vigilias
284 1190 463 1276 vigilarunt
492 1212 597 1274 neque
614 1229 616 1233 -
631 1190 707 1257 ullis
739 1191 826 1256 inter
858 1191 1002 1256 eiusdem
1031 1191 1147 1257 Musae

124 1280 270 1347 aemulos
289 1278 523 1346 certationibus
543 1279 898 1365 disceptationibusque
917 1280 1041 1345 elimati
1060 1285 1149 1366 sunt,

63 1449 68 1455 ἢ
125 1369 182 1433 sed
208 1366 476 1453 intemperiarum
498 1368 770 1455 negotiorumque
797 1367 885 1454 pleni
908 1374 999 1454 sunt,
1026 1370 1147 1435 abeant

125 1480 145 1522 a
166 1456 350 1522 noctibus
378 1455 430 1521 his
452 1456 581 1542 procul,
609 1463 706 1542 atque
730 1457 795 1523 alia
818 1457 881 1523 sibi
906 1458 1147 1523 oblectamenta

125 1548 292 1630 quaerant.
339 1543 444 1609 Vetus
468 1545 621 1632 adagium
645 1551 708 1612 est:
1160 1562 1183 1604 ιο

169 1632 237 1699 Nil
261 1656 344 1699 cum
366 1632 516 1699 fidibus
541 1636 758 1724 graculost,
774 1635 876 1700 nihil
895 1657 978 1702 cum
1002 1657 1148 1700 amara·

600 1745 687 1790 orno
712 1746 780 1790 su1.

81 1810 236 1896 aoAtque
260 1811 373 1897 etiam,
400 1832 465 1896 quo
490 1813 534 1877 sit
556 1812 761 1896 quonmdam
784 1812 869 1877 male
897 1811 1067 1876 doctorum
1090 1811 1148 1877 ho

126 1900 251 1965 minum
275 1900 432 1966 scaevitas
457 1904 491 1965 et
512 1900 690 1967 invidentia
712 1899 887 1984 irritatior,
909 1898 1085 1965 mutuabor
1109 1923 1150 1965 ex

126 1987 418 2072 Aristophanae
446 1988 546 2054 choro
574 1991 751 2074 anapaesta
773 2008 878 2073 pauca
905 1991 938 2052 et
966 2009 1063 2072 quam
1091 1989 1148 2054 ille
1163 2005 1186 2047 a

125 2075 225 2142 homo
239 2074 470 2140 festivissimus
484 2075 615 2141 fabulae
629 2097 707 2141 suae
721 2076 915 2161 spectandae
928 2075 1035 2162 legem
1050 2077 1150 2162 dedit,
1190 2074 1192 2081 ’

127 2165 262 2229 eandem
284 2184 346 2250 ago
370 2164 613 2229 commentariis
631 2164 683 2228 his
707 2164 853 2250 legendis
873 2164 968 2250 dabo,
990 2168 1028 2229 ut
1050 2186 1089 2229 ea
1106 2189 1149 2230 ne
1190 2236 1192 2241 ,

127 2253 271 2339 attingat
293 2273 373 2317 neve
397 2253 493 2318 adeat
514 2252 697 2338 profestum
720 2257 753 2318 et
775 2252 950 2338 profanum
973 2254 1106 2340 vulgus,
1129 2279 1149 2320 a

83 2342 205 2411 alludo
228 2340 352 2406 musico
376 2341 547 2407 diversum.
583 2341 707 2406 Versus
729 2342 813 2428 legis
837 2343 931 2408 datae
954 2342 989 2407 hi
1013 2347 1102 2408 sunt:
1190 2392 1192 2399 .

173 2519 382 2603 Εὐφημεῖν
411 2519 485 2603 χρὴ
515 2517 779 2598 κάξίστασθαι
807 2529 891 2597 τοῖς
919 2517 1192 2604 ἡμετέροισιςιῙ

626 2631 645 2673 ο
676 2617 784 2673 οἴσιν

166 2693 296 2772 Ὅστις
314 2695 474 2781 ἄπειρος
491 2631 805 2779 τοιῶνχὸερλόνων
822 2695 843 2779 ἢ
862 2696 995 2782 γνώμῃ
1014 2697 1063 2781 μὴ
1082 2721 1150 2763 να-

600 2791 654 2850 uc
684 2785 767 2850 εύει

166 2870 217 2936 Ἢ
239 2873 436 2955 γενναίων
466 2874 581 2958 ὄργια
610 2809 786 2939 Minoae
813 2866 896 2957 μήτ’
927 2867 1035 2939 eldaa
1063 2869 1146 2958 μήτ’

602 2961 827 3046 ἐχόρευσεν,
1164 2992 1192 3039 30

180 3049 348 3126 Τούτοις
384 3049 518 3134 addas
542 3044 686 3127 καῦθις
718 3049 896 3133 ἀπαυδῶ,
925 3043 1071 3126 καῦθις
1106 3053 1148 3116 τὸ
1176 3078 1179 3083 ·

520 3158 523 3163 ·
603 3141 738 3225 τρίτον
761 3137 841 3224 μάλ’
867 3138 1027 3204 ἀπαυδῶ

173 3219 425 3306 Ἐξίστασθαι
443 3227 630 3312 μύσταισι
648 3237 798 3314 χοροῖς,
813 3227 925 3313 ὑμεῖς
943 3224 975 3293 δ’
997 3226 1149 3309 ἀνενεί-
1187 3260 1190 3265 ·

536 3364 557 3387 .-
603 3316 865 3402 parapotamia}

177 3401 254 3468 Καὶ
281 3405 527 3489 παννυχίδας
554 3405 621 3483 τὰς
643 3403 847 3491 ἡμετέρας,
875 3407 917 3470 αἳ
941 3405 1032 3489 τῇδε
1060 3402 1189 3488 api-³5

600 3509 749 3567 τιονσιν
771 3491 895 3578 ἑορτῇ.
