2392 3886
123 142 186 206 1'26
570 138 616 194 ΙΙΙ.
636 157 675 193 111.

165 304 304 387 Itaque
332 302 424 365 adeo
452 301 526 365 iam
555 300 754 386 oppletum
773 301 963 402 ,oppidum
992 305 1053 365 111
1080 322 1134 365 1ο-

164 480 187 562 †
211 478 335 544 Maior
357 501 446 563 pars
469 476 605 562 populi
629 389 915 563 aridldrddpiiant
938 477 1048 543 fame.

93 627 109 677 1
185 603 403 668 Favorinus
438 623 566 687 quoque
595 607 724 687 noster,
756 624 830 667 cum
859 600 1132 667 Nervulariam

118 694 249 758 Plauti
271 693 423 778 legerem,
446 713 528 776 quae
551 691 637 754 inter
658 690 800 756 incertas
818 690 933 755 habita
950 696 1012 777 est,
1030 695 1064 755 et
1080 713 1131 756 au·
1150 711 1161 752 1

118 783 219 847 (111111
243 804 282 846 ex
305 802 343 845 ea
366 780 534 845 comoedia
556 801 687 844 versum
709 779 810 845 hunc:

164 904 355 999 Scrattae,
376 904 644 989 scrupipeda‘e,
666 901 919 968 strittivillae
941 903 1130 989 sordidae,

118 1029 296 1094 delectatus
330 1028 437 1093 faceta
471 1028 646 1092 verborum
680 1027 891 1112 antiquitate,
925 1028 1129 1093 meretricum

117 1118 198 1183 vitia
212 1123 309 1202 atque
324 1116 547 1182 deformitates
563 1117 826 1203 significantium,
840 1116 902 1180 ‘vel
915 1138 1001 1180 unus
1014 1115 1128 1182 hercle'

116 1206 224 1292 inquit
247 1205 312 1271 ‘hic
335 1227 447 1270 versus
471 1205 603 1270 Plauti
622 1227 692 1271 esse
711 1205 795 1271 hanc
813 1204 960 1269 fabulam
979 1206 1061 1271 satis
1079 1221 1159 1290 po1⁰

116 1300 182 1362 test
205 1295 280 1360 fidei
304 1294 441 1359 fecisse’.

90 1404 104 1452 1
182 1382 253 1449 Nos
277 1404 405 1468 quoque
428 1383 492 1468 ipsi
514 1383 714 1469 nuperrime,
741 1405 816 1448 cum
838 1383 1021 1469 legeremus
1044 1382 1129 1448 Fre·

114 1480 194 1539 tum
212 1510 240 1520 -
257 1493 377 1537 nomen
404 1478 454 1537 est
485 1472 519 1536 id
547 1472 745 1557 comoediae,
773 1494 871 1557 quam
897 1471 1031 1536 Plauti
1063 1492 1128 1537 esse

115 1563 247 1649 quidam
260 1583 327 1626 non
339 1567 459 1647 putant
468 1599 505 1648 -,
519 1557 601 1627 haut
618 1561 792 1647 quicquam
806 1560 1037 1646 dubitavimus,
1055 1560 1130 1646 quin

115 1674 153 1717 ea
175 1651 308 1718 Plauti
331 1651 426 1736 foret,
448 1656 481 1716 et
505 1651 650 1716 omnium
674 1649 804 1736 quidem
822 1649 963 1715 maxime
983 1650 1160 1736 genuinao

89 1742 180 1829 sliu¹
197 1765 262 1827 qua
292 1741 356 1805 duo
386 1740 447 1805 hos
476 1761 589 1805 versus
620 1739 865 1824 exscripsimus,
891 1743 930 1803 ut
958 1737 1128 1804 historiam

114 1853 343 1918 quaereremus
367 1829 491 1895 oraculi
512 1828 672 1894 Arretini:

158 1954 314 2038 †Nune
341 1953 440 2019 illud
473 1958 532 2018 est
564 1952 665 2038 quod
695 1972 923 2036 responsum
952 1951 1128 2016 Arretini

652 2041 756 2105 ludis
778 2040 901 2126 magis
925 2039 1087 2105 dicitur:

157 2129 313 2215 Peribo,
337 2131 467 2197 sinon
490 2131 633 2216 fecero,
657 2130 689 2194 si
712 2129 815 2214 faxo,
838 2128 1041 2213 vapulabo.
1138 2143 1160 2183 ¹⁰

87 2264 103 2312 e
180 2253 223 2318 M.
247 2260 356 2319 tamen
375 2252 498 2320 Varro
522 2255 561 2318 iu
583 2255 686 2319 libro
712 2256 755 2320 de
781 2252 994 2319 comoediis
1017 2251 1127 2318 Plau·

113 2343 210 2409 tinis
233 2343 357 2427 primo
375 2342 486 2409 Accii
509 2344 608 2409 verba
630 2343 710 2409 haee
733 2342 839 2429 ponit:
862 2340 959 2406 Nam
976 2363 1048 2407 nec
1067 2340 1128 2407 Ge·

111 2433 229 2498 minei
252 2432 411 2496 lenones
429 2453 497 2497 nec
517 2431 748 2498 Condalium
769 2453 838 2497 nec
856 2429 989 2495 Plauti
1007 2428 1127 2516 Anus,

111 2543 179 2587 nec
202 2520 269 2585 Bis
298 2542 519 2605 compressa
544 2543 613 2587 nec
641 2520 806 2586 Boeotia
832 2540 1011 2604 umquam
1039 2518 1128 2605 fuit,

111 2632 231 2695 neque
282 2609 376 2674 adeo
412 2609 612 2695 Agroecus
652 2631 774 2694 neque
819 2606 1160 2675 Commorientes*

111 2698 233 2764 Macci
261 2697 348 2763 Titi.

71 2796 104 2844 10
180 2788 225 2852 In
253 2788 382 2852 eodem
409 2787 513 2853 libro
536 2786 579 2851 Μ.
603 2786 791 2852 Varronis
818 2786 852 2851 id
875 2805 1003 2870 quoque
1028 2785 1127 2871 scrip-

111 2882 195 2962 tum,
222 2882 255 2942 11
278 2877 477 2942 Plautium
504 2876 605 2940 1111111
634 2876 819 2961 quempiam
845 2878 977 2959 poetam
1000 2895 1127 2940 comoe-

110 2966 244 3030 diarum.
303 2964 464 3041 Quoniam
492 2964 623 3030 fabulae
654 2967 746 3046 [eae]
778 2962 919 3028 ‘Plauti'
948 2961 1126 3049 inscriptae

110 3055 227 3139 forent,
250 3059 400 3138 acceptas
423 3075 493 3119 esse
512 3053 606 3139 quasi
627 3052 807 3138 Plautinas,
830 3074 904 3118 eum
927 3056 1039 3117 1111111
1059 3064 1161 3117 non»

111 3168 131 3209 a
153 3143 294 3208 Plauto
317 3142 498 3228 Plautinae,
521 3143 577 3207 sed
601 3165 620 3207 a
641 3141 798 3208 Plautio
821 3140 1023 3207 Plautianae.

67 3247 99 3296 11
177 3232 341 3297 Feruntur
375 3236 484 3296 autem
518 3232 579 3296 sub
609 3231 740 3297 Plauti
772 3231 906 3295 nomine
939 3230 1126 3296 comoediae

67 3335 99 3386 12
110 3321 239 3388 circiter
258 3327 388 3386 centum
407 3326 504 3406 atque
523 3319 673 3406 triginta,
692 3321 749 3385 sed
766 3320 865 3385 homo
885 3318 1125 3385 eruditissimus

100 3411 138 3474 L.
162 3409 302 3475 Aelius
332 3410 473 3498 quinque
501 3414 534 3474 et
561 3409 679 3495 viginti
706 3409 776 3474 eius
804 3431 875 3474 1111
904 3407 991 3474 nolas
1015 3408 1126 3475 existi-

36 3500 202 3566 remant,
252 3499 374 3592 Neque
407 3507 522 3570 tamen
552 3498 691 3566 dubium
712 3503 780 3584 est,
804 3497 884 3582 quin
900 3498 1018 3582 istaec,
1041 3506 1159 3583 quae*
