2392 3886
95 129 160 194 130
502 127 550 184 ΙΙΙ.
568 148 615 185 vn.
634 146 692 184 vm.

47 304 85 355 >19
96 293 153 358 sed
169 288 444 376 ipsiusOatonis
457 290 565 356 verbis
581 291 790 357 subiecimus:
809 291 874 355 Dii
887 291 1114 355 inmortales

94 381 253 446 tribuno
282 379 457 445 militum
485 378 680 445 fortunam
708 401 751 444 ex
773 380 920 444 virtute
949 379 1030 444 eius
1055 379 1115 442 de-

96 471 192 534 dere.
229 467 325 535 Nam
343 468 400 534 ita
417 468 560 533 evcnit:
580 490 663 533 cum
683 468 837 534 saucius
856 467 1114 532 multifariam

94 559 152 623 ibi
182 557 311 622 factus
343 562 459 641 esset,
489 561 617 621 tamen
645 557 785 622 vulnus
815 557 936 641 capiti
964 556 1114 620 nullum

96 646 241 731 evenit,
259 667 418 731 eumque
436 645 739 731 intermortuos,
758 645 1015 731 defetigatum
1033 644 1114 708 vul·
1142 658 1156 698 5

56 751 58 755 ·
95 735 258 800 neribus
289 740 405 818 atque
438 733 538 818 quod
568 755 739 820 sanguen
768 734 851 798 eius
881 732 1115 818 defluxerat,

96 844 323 910 cognovere.
377 823 472 886 Eum
510 822 718 907 sustulere,
752 822 863 907 isque
901 821 1115 906 convaluit,

96 933 294 997 saepeque.
312 915 402 995 post
428 910 498 975 illa
526 932 679 994 operam
705 910 945 995 reipublicae
972 909 1114 975 fortem

97 1005 215 1085 atque
239 1001 436 1064 strenuam
458 999 683 1083 praehibuit
706 999 853 1084 illoque
871 998 991 1084 facto,
1015 999 1114 1083 quod

30 1101 38 1106 '
95 1089 189 1153 illos
212 1088 364 1153 milites
388 1086 586 1172 subduxit,
609 1088 821 1153 exercitum
844 1092 1015 1152 ceterum
1039 1100 1156 1151 ser-1⁰

96 1177 211 1242 ravit.
250 1174 324 1241 Sed
341 1176 442 1241 idem
459 1175 708 1242 benefactum
727 1198 799 1261 quo
818 1176 858 1241 in
875 1176 962 1241 loco
980 1196 1115 1262 ponas,

96 1265 257 1331 nimium
287 1265 464 1329 interest.
517 1263 708 1329 Leonides
740 1264 857 1349 Laco,
889 1264 954 1350 qui
987 1263 1114 1329 simile

97 1355 196 1439 apud
215 1352 499 1438 Thermopylas
523 1352 633 1439 fecit,
654 1357 817 1438 propter
835 1353 917 1419 cius
940 1353 1114 1417 virtutes

98 1441 225 1507 omnis
262 1441 427 1508 Graecia
459 1441 627 1528 gloriam
659 1446 773 1527 atque
807 1441 973 1528 gratiam
1004 1463 1116 1526 prae-

98 1531 251 1615 cipuam
283 1529 535 1596 claritudinis
567 1530 848 1597 inclitissimae
881 1531 1114 1597 decoravere
1130 1546 1157 1586 1⁵

97 1618 369 1684 monumentis:
400 1618 540 1705 signis,
568 1619 727 1706 statuis,
750 1619 909 1705 elogiis,
931 1618 1115 1684 historiis

98 1708 266 1792 aliisque
289 1709 404 1773 rebus
430 1708 699 1793 gratissimum
716 1708 755 1773 id
778 1709 860 1772 eius
883 1706 1028 1771 factum
1051 1708 1116 1771 ha-

97 1796 227 1881 buere,
255 1800 294 1862 at
317 1797 477 1862 tribuno
501 1796 671 1861 militum
693 1818 811 1881 parva
833 1795 920 1860 laus
943 1816 1011 1879 pro
1035 1794 1115 1860 fac·

96 1886 149 1951 tis
177 1885 333 1970 relicta,
360 1885 424 1970 qui
452 1884 551 1968 idem
573 1884 722 1949 fecerat
749 1889 864 1968 atque
887 1904 965 1947 rem
989 1905 1116 1948 serva-

96 1977 216 2038 verat.
1130 1989 1157 2028 ao

52 2072 87 2121 20
163 2061 258 2127 Hanc
277 2060 313 2136 Q.
333 2057 463 2125 Caedici
481 2059 605 2125 tribuni
623 2059 778 2126 virtutem
796 2059 839 2124 M.
860 2057 957 2124 Cato
976 2060 1035 2124 tali
1055 2081 1114 2124 suo

51 2149 285 2214 altestimonio
301 2149 473 2213 decoravit.
511 2146 695 2214 Claudius
710 2153 819 2213 autem
834 2147 1115 2235 Quadrigarius

97 2237 249 2302 annalis
278 2237 398 2302 tertio
426 2258 494 2301 non
517 2235 667 2303 Caedicio
694 2258 814 2302 nomen
840 2237 941 2301 fuisse
970 2237 1029 2321 ait,
1059 2238 1116 2301 sed

42 2346 71 2398 ·,.·
97 2325 245 2391 Laberio.
321 2424 323 2428 Α

557 2465 649 2531 VIII.
1128 2481 1154 2521 25

98 2587 224 2642 Litterae
244 2585 365 2642 eximiae
379 2586 525 2642 consulum
544 2585 573 2642 O.
592 2585 717 2642 Fabricii
734 2588 764 2641 et
783 2585 813 2651 Q.
829 2585 945 2641 Aemilii
963 2586 1001 2640 ad
1018 2602 1115 2668 regem

133 2658 251 2784 gyrtarpm
280 2675 297 2712 a
320 2657 350 2723 Q.
374 2655 492 2712 Claudio
521 2657 658 2728 scriptore
685 2656 868 2712 historiarum
894 2657 925 2712 in
951 2674 1116 2712 memoriam

154 2745 171 2784 a
220 2771 226 2786 .

71 2868 86 2918 1
165 2852 248 2920 Cum
261 2855 383 2942 Pyrrus
402 2877 458 2920 rex
476 2854 511 2919 in
529 2860 616 2920 terra
629 2854 727 2920 Italia
749 2859 835 2920 esset
853 2857 886 2919 et
900 2876 999 2919 unam
1017 2858 1115 2937 atque

57 2946 234 3011 ··alteram
262 2967 389 3031 pugnas
418 2965 572 3028 prospere
598 2948 778 3030 pugnasset
808 2943 951 3028 satisque
982 2946 1116 3027 agerent
1130 2961 1157 3000 eo

58 3033 239 3098 ‘'Romani
262 3038 295 3097 et
317 3033 471 3118 pleraque
493 3032 592 3097 Italia
619 3033 660 3098 ad
682 3052 793 3118 regem
816 3031 1017 3115 descivisset,
1044 3035 1116 3094 tum

97 3120 342 3187 Ambraciensis
356 3120 518 3206 quispiam
532 3119 751 3205 Timochares,
767 3119 855 3207 regis
868 3118 964 3204 Pyrri
978 3119 1116 3205 amicus,

79 3212 140 3277 ad
165 3207 199 3274 Ο.
222 3209 410 3275 Fabricium
433 3208 600 3274 consulem
626 3209 740 3274 furtim
762 3209 852 3273 venit
874 3229 912 3273 ao
934 3208 1116 3293 praemium

98 3298 215 3385 petivit
238 3304 284 3383 et,
307 3298 335 3362 si
358 3298 397 3362 de
419 3298 564 3383 praemio
588 3297 787 3382 conveniret,
812 3296 978 3382 promisit,
1004 3317 1115 3383 regem

81 3387 231 3452 *venenis
253 3408 378 3472 necare,
399 3386 496 3471 idque
518 3385 613 3451 facile
638 3407 707 3451 esse
730 3385 819 3451 factu
843 3385 934 3470 dixit,
961 3385 1115 3470 quoniam
1130 3412 1157 3451 a

73 3476 186 3541 ‘rfilius
211 3498 288 3541 suus
311 3475 430 3561 pocula
455 3474 661 3540 inconvivio
683 3474 755 3560 regi
777 3474 985 3539 ministraret.
1031 3473 1116 3538 Eam

544 3703 563 3737 Q
