2356 3900
343 150 524 208 suplsvna
541 150 609 209 LIB.
628 150 699 208 XIII.
718 153 791 208 XIV.
1028 153 1071 220 27

117 321 186 383 XX.
200 313 309 402 (XIX)
326 320 372 381 De
386 338 495 398 genere
509 317 600 399 etque
614 320 785 382 nominibus
796 321 929 383 familiae
938 323 1070 384 Porciae.

117 411 200 471 XXI.
234 401 329 492 (XX)
361 408 450 481 Quod
468 428 486 469 a
504 408 700 485 scriptoribus
722 410 954 487 elegantissimis
975 412 1073 473 maior

47 499 131 561 ratio
151 497 267 560 'habita
293 498 336 558 sit
361 498 479 560 sonitus
509 516 620 558 vocum
650 501 742 576 atque
772 498 933 560 verborum
963 500 1070 561 iucun-

49 588 154 668 dioris,
178 605 256 667 quae
278 606 298 647 a
316 586 439 649 GraecIs
461 583 598 663 εὐφωνία
615 587 735 665 dieitur,
758 605 851 665 qnam
867 588 991 666 regulae
1010 589 1070 650 dis·

48 677 253 754 ciplinaeque,
276 694 353 752 quae
376 696 395 737 a
417 674 622 754 grammaticis
645 678 765 753 reperta
787 678 842 735 est.

117 765 215 825 XXII.
249 756 357 846 (XXI)
392 764 493 825 Verba
515 764 578 824 Titi
600 763 740 825 Castricii
766 763 897 824 rhetoris
920 764 959 824 ad
982 764 1069 825 (11111-

49 853 142 932 pulos
164 853 374 914 adulescentes
401 853 438 914 de
460 853 575 914 vestitu
602 856 695 931 atque
718 853 849 912 ululatu
870 871 931 912 non
953 853 1068 915 decoro.

117 942 230 1002 XXHI.
265 933 389 1024 (XXH.)
427 939 486 1019 [De
509 942 638 1002 Neriene
660 941 767 1001 Martis
789 941 821 1000 111
844 941 977 1019 antiquis
999 943 1093 1002 con-⁴

48 1027 300 1109 precationibus]

117 1119 227 1180 XXIV.
261 1111 399 1202 (XXIII.)
432 1116 548 1196 [Verba
570 1118 609 1178 M.
630 1117 765 1196 Catonis,
789 1137 876 1197 egere
905 1136 936 1179 se
963 1119 1069 1179 multis

50 1209 143 1270 rebus
166 1211 200 1268 et
221 1207 298 1267 nihil
320 1209 422 1268 tamen
444 1225 552 1285 cupere
576 1203 726 1283 dicentia]
859 1255 864 1263 .

117 1297 212 1356 XXV.
253 1291 388 1376 (XXIV.)
424 1295 602 1367 Quaesitum
632 1298 870 1374 tractatumque,
903 1295 976 1373 quid
1008 1296 1069 1356 sint

53 1379 254 1462 ‘manubiae'3
276 1388 369 1462 atque
391 1385 467 1445 inibi
489 1384 571 1446 dicta
593 1383 801 1463 quaedamde
823 1385 940 1444 ratione
964 1384 1071 1443 utendi

54 1475 152 1536 1111111
174 1474 314 1551 pluribus
337 1473 418 1534 idem
440 1473 688 1551 significantibus.

10 1566 12 1593 ¹
118 1563 226 1623 XXVI.
264 1555 386 1643 (XXV.)
420 1562 521 1622 Verba
552 1562 584 1622 P.
612 1561 743 1640 Nigidii,
776 1561 885 1640 quibus
918 1561 1004 1639 dicit,
1037 1561 1069 1620 in

59 1653 174 1712 nomine
196 1651 302 1712 Valeri
328 1651 360 1710 in
388 1669 460 1712 casu
487 1651 614 1712 vocandi
636 1651 766 1727 primam
788 1650 937 1729 syllabam
959 1668 1068 1709 acuen-

62 1739 124 1800 dam
142 1759 220 1816 essm
244 1739 368 1800 etitem
386 1740 447 1800 alia
464 1759 501 1799 ex
519 1740 653 1800 eiusdem
670 1739 771 1801 verbis
790 1739 829 1798 ad
847 1741 961 1797 rectam
975 1738 1068 1813 scrip-

63 1830 154 1888 turam
176 1828 370 1905 pertinentia.

119 1917 241 1976 XXVII
271 1908 408 1998 (XXVI.)
440 1917 485 1976 De
503 1916 648 1994 versibus,
668 1935 743 1994 quos
762 1913 917 1993 Vergilius
936 1917 1069 1976 sectatus

67 2004 182 2083 ridetur,
203 2006 330 2066 Homeri
352 2024 387 2065 ao
409 2005 561 2065 Partheni.

120 2095 257 2154 XXVIII
280 2086 443 2241 (XXVH.)
474 2095 520 2153 De
548 2097 614 2153 sent
601 2094 698 2153 tentia
724 2093 862 2152 Panaetii
889 2093 1069 2171 philosophi,

71 2198 146 2256 quam
173 2184 293 2258 scripsit
320 2183 352 2240 in
374 2182 450 2242 libro
474 2182 511 2241 de
535 2182 641 2242 officiis
665 2182 809 2259 secundo,
837 2199 897 2257 qua
920 2182 1069 2258 hortatur,

72 2272 97 2329 ut
121 2272 257 2332 homines
289 2271 328 2331 ad
359 2271 547 2332 cavendas
538 2271 728 2331 miuriasin
758 2270 839 2330 omni
866 2270 932 2331 loco
960 2271 1070 2331 intenti

71 2361 214 2437 paratique
238 2361 307 2420 sint.

121 2449 229 2509 XXIX.
262 2439 429 2529 (XXVIII)
462 2448 549 2519 Quod
577 2441 833 2526 Quadrigarius
836 2465 914 2506 cum
941 2446 1069 2506 multis

68 2531 283 2597 mortalibus'
299 2536 387 2614 (11111,
402 2555 442 2596 an
456 2537 529 2615 quid
543 2540 574 2597 et
588 2539 737 2614 quantum
751 2536 893 2613 differret,
908 2554 934 2595 11
925 2534 1069 2595 dixisset

68 2615 134 2687 curn
156 2626 263 2687 multis
287 2620 479 2686 hominibus'.

118 2715 212 2775 XXX
244 2706 381 2797 (XXIX)
413 2715 482 2775 Non
504 2715 650 2775 hactenus
674 2731 738 2774 esse
761 2714 876 2792 faciem,
900 2732 959 2790 qua
977 2713 1070 2791 vulgo

61 2799 172 2866 diem
117 2884 354 2974 XXXI(XXX
355 2884 376 2973 .)
409 2891 489 2963 Quid
508 2892 597 2952 sitm
616 2886 777 2952 saturali.
797 2882 970 2951 Varronis‘
972 2889 1070 2950 cani-

57 3000 135 3041 num
158 2975 371 3058 prandium’.

223 3211 424 3273 (1111111
446 3211 557 3271 amni
580 3193 732 3281 111111
754 3207 903 3268 suomi.

119 3337 145 3396 L
177 3336 359 3397 Dissertatio
387 3335 529 3395 Favorini
556 3333 728 3410 philosophi
756 3333 899 3396 adversus
928 3349 991 3407 eos,
1020 3329 1073 3405 qui

50 3424 201 3487 Chaldaei
229 3425 423 3502 appellantur
445 3426 476 3482 et
499 3443 536 3482 ex
558 3425 648 3483 coetu
670 3421 862 3497 motibusque
886 3419 1020 3478 siderum
1042 3420 1073 3476 et

49 3515 214 3576 stellarum
236 3513 303 3574 fata
325 3512 482 3573 hominum
504 3512 638 3571 dicturos
661 3510 851 3586 pollicentur.
