<?xml version="1.0" encoding="UTF-8"?>
<!DOCTYPE html PUBLIC "-//W3C//DTD XHTML 1.0 Transitional//EN"
    "http://www.w3.org/TR/xhtml1/DTD/xhtml1-transitional.dtd">
<html xmlns="http://www.w3.org/1999/xhtml" xml:lang="en" lang="en">
 <head>
  <title>
</title>
<meta http-equiv="Content-Type" content="text/html;charset=utf-8" />
  <meta name='ocr-system' content='tesseract 3.04.00' />
  <meta name='ocr-capabilities' content='ocr_page ocr_carea ocr_par ocr_line ocrx_word'/>
</head>
<body>
  <div class='ocr_page' id='page_1' title='image "agelliinoctiuma00hertgoog_0144.png"; bbox 0 0 2392 3886; ppageno 0'>
   <div class='ocr_carea' id='block_1_1' title="bbox 499 122 1087 189">
    <p class='ocr_par' dir='ltr' id='par_1_1' title="bbox 499 122 1087 189">
     <span class='ocr_line' id='line_1_1' title="bbox 499 122 1087 189; baseline 0.002 -13"><span class='ocrx_word' id='word_1_1' title='bbox 499 122 546 178; x_wconf 92' lang='lat' dir='ltr'><strong>IlI.</strong></span> <span class='ocrx_word' id='word_1_2' title='bbox 564 143 604 178; x_wconf 88' lang='grc'>111.</span> <span class='ocrx_word' id='word_1_3' title='bbox 624 142 662 180; x_wconf 84' lang='lat' dir='ltr'><strong>rr.</strong></span> <span class='ocrx_word' id='word_1_4' title='bbox 1024 124 1087 189; x_wconf 69' lang='lat'><strong>127</strong></span> 
     </span>
    </p>
   </div>
   <div class='ocr_carea' id='block_1_2' title="bbox 24 285 1131 1261">
    <p class='ocr_par' dir='ltr' id='par_1_2' title="bbox 67 285 1131 622">
     <span class='ocr_line' id='line_1_2' title="bbox 70 285 1088 372; baseline 0.003 -21"><span class='ocrx_word' id='word_1_5' title='bbox 70 287 213 372; x_wconf 77' lang='lat' dir='ltr'>scriptae</span> <span class='ocrx_word' id='word_1_6' title='bbox 236 308 257 351; x_wconf 90' lang='lat' dir='ltr'><strong>a</strong></span> <span class='ocrx_word' id='word_1_7' title='bbox 278 285 418 351; x_wconf 92' lang='lat' dir='ltr'><strong>Plauto</strong></span> <span class='ocrx_word' id='word_1_8' title='bbox 441 307 509 351; x_wconf 90' lang='lat' dir='ltr'><strong>non</strong></span> <span class='ocrx_word' id='word_1_9' title='bbox 531 286 682 351; x_wconf 82' lang='lat' dir='ltr'><strong>videntur</strong></span> <span class='ocrx_word' id='word_1_10' title='bbox 705 293 738 352; x_wconf 90' lang='lat' dir='ltr'><strong>et</strong></span> <span class='ocrx_word' id='word_1_11' title='bbox 760 287 885 353; x_wconf 92' lang='lat' dir='ltr'><strong>nomini</strong></span> <span class='ocrx_word' id='word_1_12' title='bbox 908 288 978 353; x_wconf 90' lang='lat' dir='ltr'><strong>eius</strong></span> <span class='ocrx_word' id='word_1_13' title='bbox 1002 288 1088 354; x_wconf 90' lang='lat' dir='ltr'><strong>addi·</strong></span> 
     </span>
     <span class='ocr_line' id='line_1_3' title="bbox 69 375 1088 464; baseline 0.002 -23"><span class='ocrx_word' id='word_1_14' title='bbox 69 381 198 461; x_wconf 88' lang='lat' dir='ltr'><strong>cuntur,</strong></span> <span class='ocrx_word' id='word_1_15' title='bbox 216 379 362 440; x_wconf 86' lang='lat' dir='ltr'><strong>veterum</strong></span> <span class='ocrx_word' id='word_1_16' title='bbox 381 380 553 460; x_wconf 89' lang='lat' dir='ltr'><strong>poetarum</strong></span> <span class='ocrx_word' id='word_1_17' title='bbox 570 375 694 441; x_wconf 83' lang='lat' dir='ltr'><strong>fuerint</strong></span> <span class='ocrx_word' id='word_1_18' title='bbox 711 382 745 441; x_wconf 89' lang='lat' dir='ltr'><strong>ct</strong></span> <span class='ocrx_word' id='word_1_19' title='bbox 763 378 805 442; x_wconf 87' lang='lat' dir='ltr'><strong>ab</strong></span> <span class='ocrx_word' id='word_1_20' title='bbox 824 398 863 442; x_wconf 89' lang='lat' dir='ltr'><strong>eo</strong></span> <span class='ocrx_word' id='word_1_21' title='bbox 881 383 1088 464; x_wconf 72' lang='lat' dir='ltr'><strong>retractatae,</strong></span> 
     </span>
     <span class='ocr_line' id='line_1_4' title="bbox 67 465 1086 550; baseline 0.003 -21"><span class='ocrx_word' id='word_1_22' title='bbox 67 465 232 550; x_wconf 84' lang='lat' dir='ltr'><strong>expolitae</strong></span> <span class='ocrx_word' id='word_1_23' title='bbox 252 465 318 529; x_wconf 92' lang='lat' dir='ltr'><strong>sint</strong></span> <span class='ocrx_word' id='word_1_24' title='bbox 336 487 373 529; x_wconf 89' lang='lat' dir='ltr'><strong>ac</strong></span> <span class='ocrx_word' id='word_1_25' title='bbox 390 469 565 549; x_wconf 88' lang='lat' dir='ltr'><strong>propterea</strong></span> <span class='ocrx_word' id='word_1_26' title='bbox 586 465 744 550; x_wconf 86' lang='lat' dir='ltr'><strong>resipiant</strong></span> <span class='ocrx_word' id='word_1_27' title='bbox 763 465 875 530; x_wconf 91' lang='lat' dir='ltr'><strong>stilum</strong></span> <span class='ocrx_word' id='word_1_28' title='bbox 888 465 1086 532; x_wconf 83' lang='lat' dir='ltr'><strong>Plautinum.</strong></span> 
     </span>
     <span class='ocr_line' id='line_1_5' title="bbox 69 551 1131 658; baseline 0.003 -40"><span class='ocrx_word' id='word_1_29' title='bbox 69 552 133 619; x_wconf 85' lang='lat' dir='ltr'><strong>Sed</strong></span> <span class='ocrx_word' id='word_1_30' title='bbox 167 553 254 618; x_wconf 90' lang='lat' dir='ltr'><strong>enim</strong></span> <span class='ocrx_word' id='word_1_31' title='bbox 292 551 538 618; x_wconf 85' lang='lat' dir='ltr'><strong>Saturionem</strong></span> <span class='ocrx_word' id='word_1_32' title='bbox 571 560 604 618; x_wconf 89' lang='lat' dir='ltr'><strong>et</strong></span> <span class='ocrx_word' id='word_1_33' title='bbox 635 553 915 619; x_wconf 82' lang='lat' dir='ltr'><strong>Addictumt</strong></span> <span class='ocrx_word' id='word_1_34' title='bbox 883 560 915 619; x_wconf 93' lang='lat' dir='ltr'><strong>et</strong></span> <span class='ocrx_word' id='word_1_35' title='bbox 953 556 1131 658; x_wconf 79' lang='lat' dir='ltr'><strong>tertiamu</strong></span> 
     </span>
    </p>

    <p class='ocr_par' dir='ltr' id='par_1_3' title="bbox 39 642 1087 1084">
     <span class='ocr_line' id='line_1_6' title="bbox 39 642 1087 728; baseline 0 -20"><span class='ocrx_word' id='word_1_36' title='bbox 39 642 248 727; x_wconf 72' lang='lat' dir='ltr'><strong>aquandum,</strong></span> <span class='ocrx_word' id='word_1_37' title='bbox 277 642 368 707; x_wconf 91' lang='lat' dir='ltr'><strong>cuius</strong></span> <span class='ocrx_word' id='word_1_38' title='bbox 397 663 483 708; x_wconf 92' lang='lat' dir='ltr'><strong>nunc</strong></span> <span class='ocrx_word' id='word_1_39' title='bbox 512 642 593 707; x_wconf 90' lang='lat' dir='ltr'><strong>mihi</strong></span> <span class='ocrx_word' id='word_1_40' title='bbox 620 664 739 708; x_wconf 91' lang='lat' dir='ltr'><strong>nomen</strong></span> <span class='ocrx_word' id='word_1_41' title='bbox 770 665 837 707; x_wconf 88' lang='lat' dir='ltr'><strong>non</strong></span> <span class='ocrx_word' id='word_1_42' title='bbox 865 644 1087 728; x_wconf 90' lang='lat' dir='ltr'><strong>subpetit,in</strong></span> 
     </span>
     <span class='ocr_line' id='line_1_7' title="bbox 65 730 1087 818; baseline 0.001 -23"><span class='ocrx_word' id='word_1_43' title='bbox 65 730 209 816; x_wconf 91' lang='lat' dir='ltr'><strong>pistrino</strong></span> <span class='ocrx_word' id='word_1_44' title='bbox 232 752 307 795; x_wconf 89' lang='lat' dir='ltr'><strong>eum</strong></span> <span class='ocrx_word' id='word_1_45' title='bbox 330 731 508 817; x_wconf 87' lang='lat' dir='ltr'><strong>scripsisse,</strong></span> <span class='ocrx_word' id='word_1_46' title='bbox 525 730 650 796; x_wconf 89' lang='lat' dir='ltr'><strong>Varro</strong></span> <span class='ocrx_word' id='word_1_47' title='bbox 674 738 707 797; x_wconf 91' lang='lat' dir='ltr'><strong>et</strong></span> <span class='ocrx_word' id='word_1_48' title='bbox 727 732 874 818; x_wconf 88' lang='lat' dir='ltr'><strong>plerique</strong></span> <span class='ocrx_word' id='word_1_49' title='bbox 892 731 948 796; x_wconf 91' lang='lat' dir='ltr'><strong>alii</strong></span> <span class='ocrx_word' id='word_1_50' title='bbox 967 753 1087 797; x_wconf 82' lang='lat' dir='ltr'><strong>memo</strong></span> 
     </span>
     <span class='ocr_line' id='line_1_8' title="bbox 65 819 1085 906; baseline 0.001 -22"><span class='ocrx_word' id='word_1_51' title='bbox 65 820 135 884; x_wconf 88' lang='lat' dir='ltr'><strong>riae</strong></span> <span class='ocrx_word' id='word_1_52' title='bbox 159 819 377 906; x_wconf 90' lang='lat' dir='ltr'><strong>tradiderunt,</strong></span> <span class='ocrx_word' id='word_1_53' title='bbox 400 842 474 885; x_wconf 92' lang='lat' dir='ltr'><strong>cum</strong></span> <span class='ocrx_word' id='word_1_54' title='bbox 479 821 649 906; x_wconf 90' lang='lat' dir='ltr'><strong>,pecunia</strong></span> <span class='ocrx_word' id='word_1_55' title='bbox 671 821 760 886; x_wconf 92' lang='lat' dir='ltr'><strong>omni</strong></span> <span class='ocrx_word' id='word_1_56' title='bbox 765 844 895 906; x_wconf 91' lang='lat' dir='ltr'><strong>,quam</strong></span> <span class='ocrx_word' id='word_1_57' title='bbox 918 821 954 885; x_wconf 90' lang='lat' dir='ltr'><strong>in</strong></span> <span class='ocrx_word' id='word_1_58' title='bbox 977 821 1085 906; x_wconf 86' lang='lat' dir='ltr'><strong>operis</strong></span> 
     </span>
     <span class='ocr_line' id='line_1_9' title="bbox 66 872 1086 995; baseline 0.001 -21"><span class='ocrx_word' id='word_1_59' title='bbox 66 909 232 975; x_wconf 86' lang='lat' dir='ltr'><strong>artificum</strong></span> <span class='ocrx_word' id='word_1_60' title='bbox 250 872 472 974; x_wconf 77' lang='lat' dir='ltr'><strong>scaenicorum</strong></span> <span class='ocrx_word' id='word_1_61' title='bbox 490 911 698 995; x_wconf 52' lang='lat' dir='ltr'><strong>pepererats</strong></span> <span class='ocrx_word' id='word_1_62' title='bbox 688 933 724 974; x_wconf 91' lang='lat' dir='ltr'><strong>1n</strong></span> <span class='ocrx_word' id='word_1_63' title='bbox 742 911 939 975; x_wconf 79' lang='lat' dir='ltr'><strong>mercatibus</strong></span> <span class='ocrx_word' id='word_1_64' title='bbox 958 910 1086 995; x_wconf 86' lang='lat' dir='ltr'><strong>perdita</strong></span> 
     </span>
     <span class='ocr_line' id='line_1_10' title="bbox 64 997 1086 1084; baseline 0.003 -22"><span class='ocrx_word' id='word_1_65' title='bbox 64 998 164 1082; x_wconf 92' lang='lat' dir='ltr'><strong>inops</strong></span> <span class='ocrx_word' id='word_1_66' title='bbox 187 997 328 1062; x_wconf 89' lang='lat' dir='ltr'><strong>Romam</strong></span> <span class='ocrx_word' id='word_1_67' title='bbox 355 998 493 1063; x_wconf 87' lang='lat' dir='ltr'><strong>redisset</strong></span> <span class='ocrx_word' id='word_1_68' title='bbox 521 1002 555 1063; x_wconf 89' lang='lat' dir='ltr'><strong>ct</strong></span> <span class='ocrx_word' id='word_1_69' title='bbox 582 999 625 1063; x_wconf 91' lang='lat' dir='ltr'><strong>ob</strong></span> <span class='ocrx_word' id='word_1_70' title='bbox 653 1000 873 1084; x_wconf 88' lang='lat' dir='ltr'><strong>quaerendum</strong></span> <span class='ocrx_word' id='word_1_71' title='bbox 895 1000 1019 1065; x_wconf 84' lang='lat' dir='ltr'><strong>victum</strong></span> <span class='ocrx_word' id='word_1_72' title='bbox 1045 998 1086 1065; x_wconf 89' lang='lat' dir='ltr'><strong>ad</strong></span> 
     </span>
    </p>

    <p class='ocr_par' dir='ltr' id='par_1_4' title="bbox 24 1085 1086 1261">
     <span class='ocr_line' id='line_1_11' title="bbox 24 1085 1086 1175; baseline 0.003 -25"><span class='ocrx_word' id='word_1_73' title='bbox 24 1113 52 1150; x_wconf 86' lang='lat' dir='ltr'><strong>lo</strong></span> <span class='ocrx_word' id='word_1_74' title='bbox 66 1085 334 1174; x_wconf 80' lang='lat' dir='ltr'><strong>circumagendas</strong></span> <span class='ocrx_word' id='word_1_75' title='bbox 366 1088 503 1173; x_wconf 89' lang='lat' dir='ltr'><strong>molas,</strong></span> <span class='ocrx_word' id='word_1_76' title='bbox 516 1109 600 1173; x_wconf 86' lang='lat' dir='ltr'><strong>quae</strong></span> <span class='ocrx_word' id='word_1_77' title='bbox 632 1087 832 1153; x_wconf 90' lang='lat' dir='ltr'><strong>trusatiles&#39;</strong></span> <span class='ocrx_word' id='word_1_78' title='bbox 870 1088 1086 1175; x_wconf 86' lang='lat' dir='ltr'><strong>appellantur,</strong></span> 
     </span>
     <span class='ocr_line' id='line_1_12' title="bbox 65 1176 513 1261; baseline 0 -21"><span class='ocrx_word' id='word_1_79' title='bbox 65 1197 203 1260; x_wconf 87' lang='lat' dir='ltr'><strong>operam</strong></span> <span class='ocrx_word' id='word_1_80' title='bbox 224 1176 342 1261; x_wconf 90' lang='lat' dir='ltr'><strong>pistori</strong></span> <span class='ocrx_word' id='word_1_81' title='bbox 363 1176 513 1242; x_wconf 81' lang='lat' dir='ltr'><strong>locasset.</strong></span> 
     </span>
    </p>
   </div>
   <div class='ocr_carea' id='block_1_3' title="bbox 22 1257 1128 1992">
    <p class='ocr_par' dir='ltr' id='par_1_5' title="bbox 22 1257 1128 1992">
     <span class='ocr_line' id='line_1_13' title="bbox 136 1257 1128 1386; baseline 0.003 -40"><span class='ocrx_word' id='word_1_82' title='bbox 136 1279 241 1347; x_wconf 90' lang='lat' dir='ltr'><strong>Sicuti</strong></span> <span class='ocrx_word' id='word_1_83' title='bbox 264 1282 304 1347; x_wconf 92' lang='lat' dir='ltr'><strong>de</strong></span> <span class='ocrx_word' id='word_1_84' title='bbox 321 1280 470 1348; x_wconf 83' lang='lat' dir='ltr'><strong>Naevio</strong></span> <span class='ocrx_word' id='word_1_85' title='bbox 494 1305 622 1386; x_wconf 88' lang='lat' dir='ltr'><strong>quoquc</strong></span> <span class='ocrx_word' id='word_1_86' title='bbox 646 1283 838 1370; x_wconf 90' lang='lat' dir='ltr'><strong>accepimus,</strong></span> <span class='ocrx_word' id='word_1_87' title='bbox 861 1257 989 1350; x_wconf 85' lang='lat' dir='ltr'><strong>fabulas</strong></span> <span class='ocrx_word' id='word_1_88' title='bbox 1008 1306 1083 1349; x_wconf 89' lang='lat' dir='ltr'><strong>eum</strong></span> <span class='ocrx_word' id='word_1_89' title='bbox 1095 1298 1128 1349; x_wconf 73' lang='lat'><strong>15</strong></span> 
     </span>
     <span class='ocr_line' id='line_1_14' title="bbox 64 1371 1126 1458; baseline 0 -23"><span class='ocrx_word' id='word_1_90' title='bbox 64 1371 101 1435; x_wconf 91' lang='lat' dir='ltr'><strong>in</strong></span> <span class='ocrx_word' id='word_1_91' title='bbox 129 1392 258 1436; x_wconf 88' lang='lat' dir='ltr'><strong>carcere</strong></span> <span class='ocrx_word' id='word_1_92' title='bbox 285 1371 365 1437; x_wconf 91' lang='lat' dir='ltr'><strong>duas</strong></span> <span class='ocrx_word' id='word_1_93' title='bbox 394 1372 577 1458; x_wconf 88' lang='lat' dir='ltr'><strong>scripsisse,</strong></span> <span class='ocrx_word' id='word_1_94' title='bbox 599 1372 803 1438; x_wconf 82' lang='lat' dir='ltr'><strong>Hariolum</strong></span> <span class='ocrx_word' id='word_1_95' title='bbox 827 1377 861 1438; x_wconf 92' lang='lat' dir='ltr'><strong>et</strong></span> <span class='ocrx_word' id='word_1_96' title='bbox 882 1372 1083 1458; x_wconf 87' lang='lat' dir='ltr'><strong>Leontem,</strong></span> <span class='ocrx_word' id='word_1_97' title='bbox 1123 1429 1126 1435; x_wconf 89' lang='lat'>.</span> 
     </span>
     <span class='ocr_line' id='line_1_15' title="bbox 65 1459 1083 1548; baseline 0.001 -23"><span class='ocrx_word' id='word_1_98' title='bbox 65 1482 144 1525; x_wconf 90' lang='lat' dir='ltr'><strong>cum</strong></span> <span class='ocrx_word' id='word_1_99' title='bbox 162 1460 205 1524; x_wconf 92' lang='lat' dir='ltr'><strong>ob</strong></span> <span class='ocrx_word' id='word_1_100' title='bbox 224 1459 389 1525; x_wconf 86' lang='lat' dir='ltr'><strong>assiduam</strong></span> <span class='ocrx_word' id='word_1_101' title='bbox 406 1461 666 1527; x_wconf 86' lang='lat' dir='ltr'><strong>maledicentiam</strong></span> <span class='ocrx_word' id='word_1_102' title='bbox 686 1465 719 1526; x_wconf 92' lang='lat' dir='ltr'><strong>et</strong></span> <span class='ocrx_word' id='word_1_103' title='bbox 736 1462 879 1548; x_wconf 91' lang='lat' dir='ltr'><strong>probra</strong></span> <span class='ocrx_word' id='word_1_104' title='bbox 869 1485 905 1526; x_wconf 91' lang='lat' dir='ltr'><strong>1n</strong></span> <span class='ocrx_word' id='word_1_105' title='bbox 920 1461 1083 1547; x_wconf 85' lang='lat' dir='ltr'><strong>principes</strong></span> 
     </span>
     <span class='ocr_line' id='line_1_16' title="bbox 22 1548 1084 1635; baseline 0.005 -25"><span class='ocrx_word' id='word_1_106' title='bbox 22 1571 49 1612; x_wconf 81' lang='lat' dir='ltr'><strong>rs</strong></span> <span class='ocrx_word' id='word_1_107' title='bbox 64 1548 212 1614; x_wconf 83' lang='lat' dir='ltr'><strong>civitatis</strong></span> <span class='ocrx_word' id='word_1_108' title='bbox 239 1548 278 1614; x_wconf 88' lang='lat' dir='ltr'><strong>de</strong></span> <span class='ocrx_word' id='word_1_109' title='bbox 307 1548 506 1616; x_wconf 83' lang='lat' dir='ltr'><strong>Graecorum</strong></span> <span class='ocrx_word' id='word_1_110' title='bbox 537 1555 709 1635; x_wconf 87' lang='lat' dir='ltr'><strong>poetarum</strong></span> <span class='ocrx_word' id='word_1_111' title='bbox 736 1573 826 1616; x_wconf 90' lang='lat' dir='ltr'><strong>more</strong></span> <span class='ocrx_word' id='word_1_112' title='bbox 850 1551 937 1617; x_wconf 93' lang='lat' dir='ltr'><strong>dicta</strong></span> <span class='ocrx_word' id='word_1_113' title='bbox 959 1552 994 1615; x_wconf 95' lang='lat' dir='ltr'><strong>in</strong></span> <span class='ocrx_word' id='word_1_114' title='bbox 1016 1551 1084 1615; x_wconf 88' lang='grc'>1111-</span> 
     </span>
     <span class='ocr_line' id='line_1_17' title="bbox 64 1636 1084 1723; baseline 0 -20"><span class='ocrx_word' id='word_1_115' title='bbox 64 1637 141 1703; x_wconf 88' lang='lat' dir='ltr'><strong>cula</strong></span> <span class='ocrx_word' id='word_1_116' title='bbox 163 1636 288 1702; x_wconf 88' lang='lat' dir='ltr'><strong>Romae</strong></span> <span class='ocrx_word' id='word_1_117' title='bbox 311 1661 331 1704; x_wconf 89' lang='lat' dir='ltr'><strong>a</strong></span> <span class='ocrx_word' id='word_1_118' title='bbox 353 1639 533 1704; x_wconf 81' lang='lat' dir='ltr'><strong>triumviris</strong></span> <span class='ocrx_word' id='word_1_119' title='bbox 557 1639 723 1704; x_wconf 90' lang='lat' dir='ltr'><strong>coniectus</strong></span> <span class='ocrx_word' id='word_1_120' title='bbox 747 1646 840 1705; x_wconf 87' lang='lat' dir='ltr'><strong>esset.</strong></span> <span class='ocrx_word' id='word_1_121' title='bbox 886 1638 979 1703; x_wconf 84' lang='lat' dir='ltr'><strong>Vnde</strong></span> <span class='ocrx_word' id='word_1_122' title='bbox 994 1643 1084 1723; x_wconf 75' lang='lat' dir='ltr'><strong>,post</strong></span> 
     </span>
     <span class='ocr_line' id='line_1_18' title="bbox 64 1725 1084 1813; baseline 0 -21"><span class='ocrx_word' id='word_1_123' title='bbox 64 1749 85 1792; x_wconf 81' lang='lat' dir='ltr'><strong>a</strong></span> <span class='ocrx_word' id='word_1_124' title='bbox 103 1725 247 1791; x_wconf 87' lang='lat' dir='ltr'><strong>tribunis</strong></span> <span class='ocrx_word' id='word_1_125' title='bbox 264 1727 370 1812; x_wconf 91' lang='lat' dir='ltr'><strong>plebis</strong></span> <span class='ocrx_word' id='word_1_126' title='bbox 389 1733 557 1813; x_wconf 85' lang='lat' dir='ltr'><strong>exemptus</strong></span> <span class='ocrx_word' id='word_1_127' title='bbox 577 1734 636 1813; x_wconf 90' lang='lat' dir='ltr'><strong>est,</strong></span> <span class='ocrx_word' id='word_1_128' title='bbox 658 1751 733 1794; x_wconf 89' lang='lat' dir='ltr'><strong>cum</strong></span> <span class='ocrx_word' id='word_1_129' title='bbox 751 1730 786 1793; x_wconf 92' lang='lat' dir='ltr'><strong>in</strong></span> <span class='ocrx_word' id='word_1_130' title='bbox 803 1729 866 1813; x_wconf 88' lang='lat' dir='ltr'><strong>his,</strong></span> <span class='ocrx_word' id='word_1_131' title='bbox 884 1749 965 1812; x_wconf 90' lang='lat' dir='ltr'><strong>quas</strong></span> <span class='ocrx_word' id='word_1_132' title='bbox 985 1749 1084 1812; x_wconf 90' lang='lat' dir='ltr'><strong>supra</strong></span> 
     </span>
     <span class='ocr_line' id='line_1_19' title="bbox 64 1815 1084 1902; baseline 0 -23"><span class='ocrx_word' id='word_1_133' title='bbox 64 1815 148 1900; x_wconf 87' lang='lat' dir='ltr'><strong>dixi,</strong></span> <span class='ocrx_word' id='word_1_134' title='bbox 170 1815 290 1880; x_wconf 88' lang='lat' dir='ltr'><strong>fabulis</strong></span> <span class='ocrx_word' id='word_1_135' title='bbox 314 1817 432 1882; x_wconf 87' lang='lat' dir='ltr'><strong>delicta</strong></span> <span class='ocrx_word' id='word_1_136' title='bbox 455 1840 515 1882; x_wconf 87' lang='lat' dir='ltr'><strong>sua</strong></span> <span class='ocrx_word' id='word_1_137' title='bbox 537 1821 571 1881; x_wconf 90' lang='lat' dir='ltr'><strong>et</strong></span> <span class='ocrx_word' id='word_1_138' title='bbox 592 1817 791 1902; x_wconf 87' lang='lat' dir='ltr'><strong>petulantias</strong></span> <span class='ocrx_word' id='word_1_139' title='bbox 815 1817 992 1901; x_wconf 90' lang='lat' dir='ltr'><strong>dictorum,</strong></span> <span class='ocrx_word' id='word_1_140' title='bbox 1015 1815 1084 1900; x_wconf 93' lang='lat' dir='ltr'><strong>qui-</strong></span> 
     </span>
     <span class='ocr_line' id='line_1_20' title="bbox 63 1904 721 1992; baseline 0.003 -24"><span class='ocrx_word' id='word_1_141' title='bbox 63 1905 127 1969; x_wconf 92' lang='lat' dir='ltr'><strong>bus</strong></span> <span class='ocrx_word' id='word_1_142' title='bbox 152 1904 273 1970; x_wconf 87' lang='lat' dir='ltr'><strong>multos</strong></span> <span class='ocrx_word' id='word_1_143' title='bbox 297 1911 372 1971; x_wconf 89' lang='lat' dir='ltr'><strong>ante</strong></span> <span class='ocrx_word' id='word_1_144' title='bbox 394 1907 543 1992; x_wconf 85' lang='lat' dir='ltr'><strong>laeserat,</strong></span> <span class='ocrx_word' id='word_1_145' title='bbox 565 1906 721 1971; x_wconf 89' lang='lat' dir='ltr'><strong>diluisset.</strong></span> 
     </span>
    </p>
   </div>
   <div class='ocr_carea' id='block_1_4' title="bbox 20 2172 601 2239">
    <p class='ocr_par' dir='ltr' id='par_1_6' title="bbox 20 2172 601 2239">
     <span class='ocr_line' id='line_1_21' title="bbox 20 2172 601 2239; baseline 0.009 -5"><span class='ocrx_word' id='word_1_146' title='bbox 20 2194 49 2234; x_wconf 78' lang='lat' dir='ltr'><strong>ro</strong></span> <span class='ocrx_word' id='word_1_147' title='bbox 544 2172 601 2239; x_wconf 80' lang='lat' dir='ltr'><strong>IV.</strong></span> 
     </span>
    </p>
   </div>
   <div class='ocr_carea' id='block_1_5' title="bbox 63 2293 1083 2436">
    <p class='ocr_par' dir='ltr' id='par_1_7' title="bbox 63 2293 1083 2436">
     <span class='ocr_line' id='line_1_22' title="bbox 63 2293 1083 2360; baseline -0.002 -12"><span class='ocrx_word' id='word_1_148' title='bbox 63 2293 146 2360; x_wconf 84' lang='lat' dir='ltr'><strong>Quod</strong></span> <span class='ocrx_word' id='word_1_149' title='bbox 169 2293 200 2347; x_wconf 94' lang='lat' dir='ltr'><strong>P.</strong></span> <span class='ocrx_word' id='word_1_150' title='bbox 220 2293 353 2348; x_wconf 87' lang='lat' dir='ltr'><strong>Africano</strong></span> <span class='ocrx_word' id='word_1_151' title='bbox 377 2297 407 2348; x_wconf 89' lang='lat' dir='ltr'><strong>et</strong></span> <span class='ocrx_word' id='word_1_152' title='bbox 429 2294 494 2348; x_wconf 87' lang='lat' dir='ltr'><strong>aliis</strong></span> <span class='ocrx_word' id='word_1_153' title='bbox 519 2298 587 2349; x_wconf 90' lang='lat' dir='ltr'><strong>tunc</strong></span> <span class='ocrx_word' id='word_1_154' title='bbox 609 2294 678 2348; x_wconf 84' lang='lat' dir='ltr'><strong>viris</strong></span> <span class='ocrx_word' id='word_1_155' title='bbox 701 2293 845 2349; x_wconf 86' lang='lat' dir='ltr'><strong>nobilibus</strong></span> <span class='ocrx_word' id='word_1_156' title='bbox 869 2297 935 2347; x_wconf 88' lang='lat' dir='ltr'><strong>ante</strong></span> <span class='ocrx_word' id='word_1_157' title='bbox 959 2295 1083 2348; x_wconf 90' lang='lat' dir='ltr'><strong>aetatem</strong></span> 
     </span>
     <span class='ocr_line' id='line_1_23' title="bbox 149 2364 996 2436; baseline 0.001 -18"><span class='ocrx_word' id='word_1_158' title='bbox 149 2367 300 2419; x_wconf 87' lang='lat' dir='ltr'><strong>&#39;senectam</strong></span> <span class='ocrx_word' id='word_1_159' title='bbox 318 2365 438 2419; x_wconf 88' lang='lat' dir='ltr'><strong>barbam</strong></span> <span class='ocrx_word' id='word_1_160' title='bbox 457 2368 486 2421; x_wconf 90' lang='lat' dir='ltr'><strong>et</strong></span> <span class='ocrx_word' id='word_1_161' title='bbox 505 2382 591 2435; x_wconf 79' lang='lat' dir='ltr'><strong>genas</strong></span> <span class='ocrx_word' id='word_1_162' title='bbox 610 2365 708 2420; x_wconf 90' lang='lat' dir='ltr'><strong>radere</strong></span> <span class='ocrx_word' id='word_1_163' title='bbox 727 2383 788 2420; x_wconf 91' lang='lat' dir='ltr'><strong>mos</strong></span> <span class='ocrx_word' id='word_1_164' title='bbox 806 2364 916 2436; x_wconf 88' lang='lat' dir='ltr'><strong>patrius</strong></span> <span class='ocrx_word' id='word_1_165' title='bbox 934 2364 996 2419; x_wconf 84' lang='lat' dir='ltr'><strong>fuit.</strong></span> 
     </span>
    </p>
   </div>
   <div class='ocr_carea' id='block_1_6' title="bbox 23 2509 1128 3575">
    <p class='ocr_par' dir='ltr' id='par_1_8' title="bbox 23 2509 1128 3575">
     <span class='ocr_line' id='line_1_24' title="bbox 131 2509 1124 2596; baseline -0.006 -22"><span class='ocrx_word' id='word_1_166' title='bbox 131 2509 178 2574; x_wconf 91' lang='lat' dir='ltr'><strong>In</strong></span> <span class='ocrx_word' id='word_1_167' title='bbox 200 2510 330 2595; x_wconf 87' lang='lat' dir='ltr'><strong>libris,</strong></span> <span class='ocrx_word' id='word_1_168' title='bbox 353 2531 435 2596; x_wconf 86' lang='lat' dir='ltr'><strong>quos</strong></span> <span class='ocrx_word' id='word_1_169' title='bbox 459 2511 502 2575; x_wconf 89' lang='lat' dir='ltr'><strong>dc</strong></span> <span class='ocrx_word' id='word_1_170' title='bbox 525 2511 607 2576; x_wconf 84' lang='lat' dir='ltr'><strong>vita</strong></span> <span class='ocrx_word' id='word_1_171' title='bbox 629 2510 664 2575; x_wconf 88' lang='lat' dir='ltr'><strong>P.</strong></span> <span class='ocrx_word' id='word_1_172' title='bbox 685 2510 883 2596; x_wconf 85' lang='lat' dir='ltr'><strong>Scipionis</strong></span> <span class='ocrx_word' id='word_1_173' title='bbox 901 2509 1081 2575; x_wconf 82' lang='lat' dir='ltr'><strong>Africani</strong></span> <span class='ocrx_word' id='word_1_174' title='bbox 1111 2520 1124 2567; x_wconf 87' lang='lat'>1</span> 
     </span>
     <span class='ocr_line' id='line_1_25' title="bbox 62 2595 1082 2685; baseline -0.004 -20"><span class='ocrx_word' id='word_1_175' title='bbox 62 2599 266 2684; x_wconf 89' lang='lat' dir='ltr'><strong>compositos</strong></span> <span class='ocrx_word' id='word_1_176' title='bbox 288 2599 439 2685; x_wconf 85' lang='lat' dir='ltr'><strong>legimus,</strong></span> <span class='ocrx_word' id='word_1_177' title='bbox 462 2600 620 2685; x_wconf 89' lang='lat' dir='ltr'><strong>scriptum</strong></span> <span class='ocrx_word' id='word_1_178' title='bbox 639 2622 709 2666; x_wconf 88' lang='lat' dir='ltr'><strong>esse</strong></span> <span class='ocrx_word' id='word_1_179' title='bbox 729 2600 1026 2684; x_wconf 84' lang='lat' dir='ltr'><strong>animadvertimus,</strong></span> <span class='ocrx_word' id='word_1_180' title='bbox 1045 2595 1082 2662; x_wconf 91' lang='lat' dir='ltr'><strong>P.</strong></span> 
     </span>
     <span class='ocr_line' id='line_1_26' title="bbox 23 2686 1082 2774; baseline 0.003 -26"><span class='ocrx_word' id='word_1_181' title='bbox 23 2707 49 2748; x_wconf 79' lang='lat' dir='ltr'><strong>aa</strong></span> <span class='ocrx_word' id='word_1_182' title='bbox 62 2686 222 2773; x_wconf 80' lang='lat' dir='ltr'><strong>Scipioni,</strong></span> <span class='ocrx_word' id='word_1_183' title='bbox 244 2687 338 2752; x_wconf 90' lang='lat' dir='ltr'><strong>Pauli</strong></span> <span class='ocrx_word' id='word_1_184' title='bbox 361 2689 440 2774; x_wconf 91' lang='lat' dir='ltr'><strong>filio,</strong></span> <span class='ocrx_word' id='word_1_185' title='bbox 462 2695 637 2773; x_wconf 90' lang='lat' dir='ltr'><strong>postquam</strong></span> <span class='ocrx_word' id='word_1_186' title='bbox 661 2690 699 2754; x_wconf 92' lang='lat' dir='ltr'><strong>de</strong></span> <span class='ocrx_word' id='word_1_187' title='bbox 722 2689 841 2754; x_wconf 90' lang='lat' dir='ltr'><strong>Poenis</strong></span> <span class='ocrx_word' id='word_1_188' title='bbox 864 2687 1082 2773; x_wconf 77' lang='lat' dir='ltr'><strong>triumphare</strong></span> 
     </span>
     <span class='ocr_line' id='line_1_27' title="bbox 61 2777 1083 2863; baseline -0.002 -21"><span class='ocrx_word' id='word_1_189' title='bbox 61 2783 115 2842; x_wconf 90' lang='lat' dir='ltr'><strong>rat</strong></span> <span class='ocrx_word' id='word_1_190' title='bbox 139 2797 318 2863; x_wconf 88' lang='lat' dir='ltr'><strong>censorque</strong></span> <span class='ocrx_word' id='word_1_191' title='bbox 340 2777 456 2863; x_wconf 83' lang='lat' dir='ltr'><strong>firerat,</strong></span> <span class='ocrx_word' id='word_1_192' title='bbox 479 2779 564 2843; x_wconf 87' lang='lat' dir='ltr'><strong>diem</strong></span> <span class='ocrx_word' id='word_1_193' title='bbox 588 2779 712 2844; x_wconf 89' lang='lat' dir='ltr'><strong>dictum</strong></span> <span class='ocrx_word' id='word_1_194' title='bbox 735 2801 805 2844; x_wconf 90' lang='lat' dir='ltr'><strong>esse</strong></span> <span class='ocrx_word' id='word_1_195' title='bbox 827 2779 868 2844; x_wconf 92' lang='lat' dir='ltr'><strong>ad</strong></span> <span class='ocrx_word' id='word_1_196' title='bbox 885 2777 1043 2863; x_wconf 93' lang='lat' dir='ltr'><strong>populum</strong></span> <span class='ocrx_word' id='word_1_197' title='bbox 1063 2798 1083 2840; x_wconf 90' lang='lat' dir='ltr'><strong>a</strong></span> 
     </span>
     <span class='ocr_line' id='line_1_28' title="bbox 63 2864 1082 2953; baseline -0.002 -22"><span class='ocrx_word' id='word_1_198' title='bbox 63 2864 201 2932; x_wconf 78' lang='lat' dir='ltr'><strong>Claudio</strong></span> <span class='ocrx_word' id='word_1_199' title='bbox 224 2865 338 2930; x_wconf 86' lang='lat' dir='ltr'><strong>Asello</strong></span> <span class='ocrx_word' id='word_1_200' title='bbox 361 2867 494 2932; x_wconf 88' lang='lat' dir='ltr'><strong>tribuno</strong></span> <span class='ocrx_word' id='word_1_201' title='bbox 517 2867 637 2953; x_wconf 86' lang='lat' dir='ltr'><strong>plebis,</strong></span> <span class='ocrx_word' id='word_1_202' title='bbox 664 2868 716 2932; x_wconf 92' lang='lat' dir='ltr'><strong>cui</strong></span> <span class='ocrx_word' id='word_1_203' title='bbox 746 2889 865 2953; x_wconf 91' lang='lat' dir='ltr'><strong>equum</strong></span> <span class='ocrx_word' id='word_1_204' title='bbox 887 2867 923 2930; x_wconf 95' lang='lat' dir='ltr'><strong>in</strong></span> <span class='ocrx_word' id='word_1_205' title='bbox 946 2887 1082 2932; x_wconf 89' lang='lat' dir='ltr'><strong>censura</strong></span> 
     </span>
     <span class='ocr_line' id='line_1_29' title="bbox 63 2954 1082 3042; baseline 0 -24"><span class='ocrx_word' id='word_1_206' title='bbox 63 2955 239 3040; x_wconf 65' lang='lat' dir='ltr'><strong>memorat,</strong></span> <span class='ocrx_word' id='word_1_207' title='bbox 261 2977 409 3041; x_wconf 90' lang='lat' dir='ltr'><strong>eumque,</strong></span> <span class='ocrx_word' id='word_1_208' title='bbox 432 2978 506 3021; x_wconf 92' lang='lat' dir='ltr'><strong>cum</strong></span> <span class='ocrx_word' id='word_1_209' title='bbox 529 2962 616 3021; x_wconf 87' lang='lat' dir='ltr'><strong>esset</strong></span> <span class='ocrx_word' id='word_1_210' title='bbox 637 2979 721 3042; x_wconf 88' lang='lat' dir='ltr'><strong>reus,</strong></span> <span class='ocrx_word' id='word_1_211' title='bbox 743 2978 847 3042; x_wconf 90' lang='lat' dir='ltr'><strong>neque</strong></span> <span class='ocrx_word' id='word_1_212' title='bbox 870 2956 1007 3021; x_wconf 89' lang='lat' dir='ltr'><strong>barbam</strong></span> <span class='ocrx_word' id='word_1_213' title='bbox 1030 2954 1082 3018; x_wconf 91' lang='lat' dir='ltr'><strong>de-</strong></span> 
     </span>
     <span class='ocr_line' id='line_1_30' title="bbox 63 3043 1081 3130; baseline -0.002 -22"><span class='ocrx_word' id='word_1_214' title='bbox 63 3044 146 3108; x_wconf 88' lang='lat' dir='ltr'><strong>sisse</strong></span> <span class='ocrx_word' id='word_1_215' title='bbox 173 3043 245 3109; x_wconf 88' lang='lat' dir='ltr'><strong>radi</strong></span> <span class='ocrx_word' id='word_1_216' title='bbox 271 3066 376 3129; x_wconf 87' lang='lat' dir='ltr'><strong>neque</strong></span> <span class='ocrx_word' id='word_1_217' title='bbox 404 3065 472 3109; x_wconf 91' lang='lat' dir='ltr'><strong>non</strong></span> <span class='ocrx_word' id='word_1_218' title='bbox 499 3045 635 3110; x_wconf 87' lang='lat' dir='ltr'><strong>candida</strong></span> <span class='ocrx_word' id='word_1_219' title='bbox 657 3051 748 3110; x_wconf 86' lang='lat' dir='ltr'><strong>veste</strong></span> <span class='ocrx_word' id='word_1_220' title='bbox 775 3045 825 3110; x_wconf 91' lang='lat' dir='ltr'><strong>uti</strong></span> <span class='ocrx_word' id='word_1_221' title='bbox 852 3066 956 3130; x_wconf 90' lang='lat' dir='ltr'><strong>neque</strong></span> <span class='ocrx_word' id='word_1_222' title='bbox 980 3043 1081 3108; x_wconf 85' lang='lat' dir='ltr'><strong>fuisse</strong></span> 
     </span>
     <span class='ocr_line' id='line_1_31' title="bbox 25 3131 1125 3218; baseline -0.004 -20"><span class='ocrx_word' id='word_1_223' title='bbox 25 3132 154 3198; x_wconf 75' lang='lat' dir='ltr'><strong>uentu</strong></span> <span class='ocrx_word' id='word_1_224' title='bbox 179 3131 277 3198; x_wconf 93' lang='lat' dir='ltr'><strong>solito</strong></span> <span class='ocrx_word' id='word_1_225' title='bbox 301 3154 439 3199; x_wconf 88' lang='lat' dir='ltr'><strong>reorum</strong></span> <span class='ocrx_word' id='word_1_226' title='bbox 486 3131 549 3199; x_wconf 91' lang='lat' dir='ltr'><strong>Sed</strong></span> <span class='ocrx_word' id='word_1_227' title='bbox 571 3156 646 3199; x_wconf 90' lang='lat' dir='ltr'><strong>cum</strong></span> <span class='ocrx_word' id='word_1_228' title='bbox 667 3134 703 3198; x_wconf 91' lang='lat' dir='ltr'><strong>in</strong></span> <span class='ocrx_word' id='word_1_229' title='bbox 726 3155 764 3198; x_wconf 90' lang='lat' dir='ltr'><strong>eo</strong></span> <span class='ocrx_word' id='word_1_230' title='bbox 788 3139 934 3218; x_wconf 85' lang='lat' dir='ltr'><strong>tempore</strong></span> <span class='ocrx_word' id='word_1_231' title='bbox 958 3131 1080 3217; x_wconf 81' lang='lat' dir='ltr'><strong>Scipio</strong></span> <span class='ocrx_word' id='word_1_232' title='bbox 1108 3138 1125 3186; x_wconf 77' lang='lat'>2</span> 
     </span>
     <span class='ocr_line' id='line_1_32' title="bbox 60 3221 1080 3308; baseline -0.002 -22"><span class='ocrx_word' id='word_1_233' title='bbox 60 3243 139 3287; x_wconf 85' lang='lat' dir='ltr'><strong>nem</strong></span> <span class='ocrx_word' id='word_1_234' title='bbox 160 3221 322 3287; x_wconf 87' lang='lat' dir='ltr'><strong>minorem</strong></span> <span class='ocrx_word' id='word_1_235' title='bbox 347 3222 530 3304; x_wconf 87' lang='lat' dir='ltr'><strong>[maiorem]</strong></span> <span class='ocrx_word' id='word_1_236' title='bbox 556 3223 771 3308; x_wconf 83' lang='lat' dir='ltr'><strong>quadraginta</strong></span> <span class='ocrx_word' id='word_1_237' title='bbox 796 3244 956 3288; x_wconf 91' lang='lat' dir='ltr'><strong>annorum</strong></span> <span class='ocrx_word' id='word_1_238' title='bbox 978 3221 1080 3285; x_wconf 79' lang='lat' dir='ltr'><strong>fuisse</strong></span> 
     </span>
     <span class='ocr_line' id='line_1_33' title="bbox 61 3308 1081 3398; baseline -0.004 -22"><span class='ocrx_word' id='word_1_239' title='bbox 61 3315 245 3396; x_wconf 84' lang='lat' dir='ltr'><strong>constaret,</strong></span> <span class='ocrx_word' id='word_1_240' title='bbox 267 3311 355 3395; x_wconf 91' lang='lat' dir='ltr'><strong>quod</strong></span> <span class='ocrx_word' id='word_1_241' title='bbox 378 3312 416 3376; x_wconf 92' lang='lat' dir='ltr'><strong>de</strong></span> <span class='ocrx_word' id='word_1_242' title='bbox 440 3312 543 3376; x_wconf 87' lang='lat' dir='ltr'><strong>barba</strong></span> <span class='ocrx_word' id='word_1_243' title='bbox 564 3334 639 3376; x_wconf 88' lang='lat' dir='ltr'><strong>rasa</strong></span> <span class='ocrx_word' id='word_1_244' title='bbox 661 3313 709 3376; x_wconf 91' lang='lat' dir='ltr'><strong>ita</strong></span> <span class='ocrx_word' id='word_1_245' title='bbox 732 3313 890 3398; x_wconf 88' lang='lat' dir='ltr'><strong>scriptum</strong></span> <span class='ocrx_word' id='word_1_246' title='bbox 914 3315 1000 3375; x_wconf 90' lang='lat' dir='ltr'><strong>esset</strong></span> <span class='ocrx_word' id='word_1_247' title='bbox 1022 3308 1081 3372; x_wconf 90' lang='lat' dir='ltr'><strong>mi·</strong></span> 
     </span>
     <span class='ocr_line' id='line_1_34' title="bbox 60 3397 1128 3490; baseline -0.003 -26"><span class='ocrx_word' id='word_1_248' title='bbox 60 3401 225 3466; x_wconf 88' lang='lat' dir='ltr'><strong>rabamur.</strong></span> <span class='ocrx_word' id='word_1_249' title='bbox 236 3397 488 3485; x_wconf 83' lang='lat' dir='ltr'><strong>Comperimus</strong></span> <span class='ocrx_word' id='word_1_250' title='bbox 507 3406 617 3466; x_wconf 87' lang='lat' dir='ltr'><strong>autern</strong></span> <span class='ocrx_word' id='word_1_251' title='bbox 635 3406 760 3467; x_wconf 90' lang='lat' dir='ltr'><strong>ceteros</strong></span> <span class='ocrx_word' id='word_1_252' title='bbox 780 3422 910 3490; x_wconf 85' lang='lat' dir='ltr'><strong>quoque</strong></span> <span class='ocrx_word' id='word_1_253' title='bbox 924 3399 964 3464; x_wconf 90' lang='lat' dir='ltr'><strong>in</strong></span> <span class='ocrx_word' id='word_1_254' title='bbox 976 3398 1088 3463; x_wconf 80' lang='lat' dir='ltr'><strong>isdem</strong></span> <span class='ocrx_word' id='word_1_255' title='bbox 1109 3406 1128 3453; x_wconf 59' lang='lat' dir='ltr'><strong>t</strong></span> 
     </span>
     <span class='ocr_line' id='line_1_35' title="bbox 61 3489 1106 3575; baseline -0.002 -21"><span class='ocrx_word' id='word_1_256' title='bbox 61 3489 266 3575; x_wconf 87' lang='lat' dir='ltr'><strong>temporibus</strong></span> <span class='ocrx_word' id='word_1_257' title='bbox 291 3489 419 3554; x_wconf 82' lang='lat' dir='ltr'><strong>nobiles</strong></span> <span class='ocrx_word' id='word_1_258' title='bbox 442 3491 530 3556; x_wconf 81' lang='lat' dir='ltr'><strong>viros</strong></span> <span class='ocrx_word' id='word_1_259' title='bbox 560 3491 736 3561; x_wconf 86' lang='lat' dir='ltr'><strong>barbam</strong></span> <span class='ocrx_word' id='word_1_260' title='bbox 727 3516 767 3562; x_wconf 82' lang='lat' dir='ltr'><strong>in</strong></span> <span class='ocrx_word' id='word_1_261' title='bbox 793 3491 968 3564; x_wconf 75' lang='lat' dir='ltr'><strong>eiusmodi</strong></span> <span class='ocrx_word' id='word_1_262' title='bbox 988 3493 1106 3557; x_wconf 74' lang='lat' dir='ltr'><strong>aetate</strong></span> 
     </span>
    </p>
   </div>
   <div class='ocr_carea' id='block_1_7' title="bbox 0 0 1206 3886">
    <p class='ocr_par' dir='ltr' id='par_1_9' title="bbox 0 0 1206 3886">
     <span class='ocr_line' id='line_1_36' title="bbox 0 0 1206 3886; baseline 0 0"><span class='ocrx_word' id='word_1_263' title='bbox 0 0 1206 3886; x_wconf 95' lang='lat' dir='ltr'><strong> </strong></span> 
     </span>
    </p>
   </div>
  </div>
 </body>
</html>
