2356 3900
531 153 552 208 I.
572 170 628 210 xix.
646 172 691 208 xx.
1080 155 1124 222 69

101 317 298 384 venundare.
330 315 526 400 Tarquinius
540 315 684 401 pretium
696 321 907 401 percontatus
922 322 981 383 111.
1008 317 1127 384 Mulier
1153 333 1172 384 a

98 407 241 472 nimium
273 408 372 489 atque
402 404 588 471 inmensum
618 405 784 491 poposcit,
815 427 886 491 rex,
918 407 1012 490 quasi
1044 430 1125 473 anus
1153 423 1172 474 a

100 501 211 562 aetate
229 495 401 579 desiperet,
424 494 547 559 derisit.
583 493 667 558 Tum
685 493 743 558 illa
759 493 905 559 foculum
923 516 1033 561 coram
1052 519 1127 562 cum
1154 510 1172 561 o

100 585 172 672 igni
196 582 347 670 apponit,
373 582 436 648 tris
463 582 566 648 libros
593 604 633 647 ex
659 604 778 648 novem
801 584 908 647 deurit
936 588 984 668 et,
1012 586 1128 669 ecquid

73 674 247 758 areliquos
271 693 327 738 sex
350 671 465 737 eodem
486 671 592 757 pretio
609 693 734 774 ‘emere‘
751 672 864 756 vellet,
892 693 1005 774 regem
1030 673 1129 738 inter·

100 766 260 936 ltili,
273 759 372 915 dt
381 759 693 935 111111111ἓέ
701 761 993 915 ttrllltull
1004 783 1128 916 ,tlte
1155 777 1172 916 ἓ

101 941 219 1006 statim
240 939 302 1004 tris
328 939 412 1004 alios
433 938 538 1004 libros
561 937 686 1004 exussit
714 942 811 1023 atque
832 939 868 1003 id
889 939 998 1024 ipsum
1021 939 1128 1005 denuo

100 1028 230 1115 placide
252 1033 359 1114 rogat,
381 1032 419 1092 ut
437 1027 498 1093 tris
521 1027 665 1112 reliquos
684 1028 797 1093 eodem
820 1027 878 1092 illo
900 1029 1007 1113 pretio
1031 1034 1128 1095 emat.

62 1135 89 1174 1⁰
100 1117 300 1202 Tarquinius
328 1138 384 1182 ore
410 1116 477 1182 iam
505 1116 590 1182 serio
620 1120 718 1201 atque
748 1117 925 1181 attentiore
947 1117 1056 1182 animo
1080 1118 1128 1204 fit,
1155 1133 1172 1183 8

101 1229 175 1272 eam
199 1206 419 1272 constantiam
442 1205 736 1289 confidentiamque
764 1227 831 1270 non
853 1206 986 1291 insuper
1008 1206 1128 1272 haben·

101 1296 178 1360 dam
209 1294 387 1381 intellegit,
418 1295 522 1376 libros
553 1295 614 1359 tris
644 1294 787 1378 reliquos
820 1300 984 1360 mercatur
1022 1296 1127 1361 nihilo

101 1385 229 1449 minore
238 1383 345 1468 pretio
359 1405 458 1468 quam
471 1384 558 1468 quod
568 1388 638 1448 erat
647 1383 789 1469 petitum
797 1405 857 1468 pro
873 1384 1033 1448 omnibus.
1064 1381 1127 1448 Sed
1155 1398 1172 1447 a

102 1494 176 1538 eam
194 1472 364 1538 mulierem
382 1475 461 1536 tuuc
481 1495 500 1536 a
518 1472 697 1557 Tarquinio
716 1472 897 1558 digressam
919 1477 1035 1558 postea
1052 1495 1128 1537 nus-

60 1580 86 1621 11
100 1584 202 1647 quam
232 1560 298 1627 loci
328 1560 621 1637 visamconstitit.
657 1561 750 1626 Libri
777 1565 858 1647 tres,
884 1561 919 1624 in
949 1562 1127 1626 sacrarium
1138 1575 1172 1624 ιο

99 1650 237 1736 conditi,
255 1648 432 1735 ‘Sibyllini’
452 1650 622 1736 appellati3
646 1651 687 1715 ad
706 1670 762 1715 eos
784 1649 877 1734 quasi
896 1650 937 1714 ad
956 1650 1125 1715 oraculum
1136 1662 1169 1712 11

100 1738 352 1824 quindecimviri
370 1739 501 1825 adeunt,
523 1760 598 1804 cum
621 1739 655 1803 di
676 1738 881 1804 immortales
899 1738 1030 1822 publice
1054 1759 1127 1803 con·

100 1828 232 1893 sulendi
254 1832 339 1893 sunt.

577 2036 651 2104 XX.

59 2175 86 2214 20
102 2159 179 2228 Quid
207 2162 369 2230 geometrae
397 2159 494 2214 dicant
517 2155 667 2228 ἐπίπεδον,
690 2158 760 2227 quid
783 2158 909 2230 στερεόν,
936 2162 1005 2231 quid
1031 2163 1119 2235 κύβον

168 2230 238 2300 quid
255 2231 397 2302 γραμμήνς
417 2229 768 2372 quibusqrpqqeqngthrmnia
785 2231 895 2286 Latinis
914 2233 1061 2288 vocabulis

170 2444 377 2531 Figmarum,
400 2467 482 2530 quae
506 2445 678 2531 ‘exducis'
704 2451 923 2532 geometrae
947 2448 1123 2535 appellant,
1155 2459 1170 2508 1

101 2555 225 2621 genera
254 2539 330 2599 sunt
362 2535 440 2621 duo,
471 2535 627 2621 ‘planum'
660 2538 693 2599 et
727 2534 900 2600 ‘solidum’.
941 2537 1031 2601 Haec
1062 2536 1127 2622 ipsi
1155 2548 1172 2597 a

60 2653 86 2694 25
99 2627 224 2688 vocant
252 2621 433 2689 ’ἐπίπεδον
460 2623 515 2690 καὶ
543 2623 711 2709 <1111111νῖ
754 2622 916 2689 ‘Planum'
948 2631 1012 2712 est,
1040 2627 1128 2709 quod

99 2713 137 2777 in
161 2711 242 2776 duaa
265 2712 368 2797 partis
393 2713 499 2777 solum
521 2713 625 2778 lineas
652 2713 768 2799 habet,
797 2735 862 2797 qua
887 2713 993 2778 latum
1020 2719 1128 2779 estet

101 2822 169 2885 qua
192 2800 341 2887 longum:
365 2800 475 2885 qualia
498 2807 575 2867 sunt
598 2801 760 2886 triquetra
782 2805 816 2865 et
844 2803 1017 2888 quadrata,
1045 2824 1128 2886 quae

100 2890 137 2954 in
160 2911 237 2955 area
259 2890 357 2976 fiunt,
387 2891 456 2955 sine
484 2891 665 2956 altitudine.
703 2887 875 2954 ‘solidum’
905 2895 970 2976 est,
998 2891 1126 2974 quando
1155 2900 1171 2948 3

100 2999 170 3043 non
198 2978 420 3066 longitudines
449 2981 547 3045 modo
575 2985 608 3044 11
639 2979 831 3043 latitudines
859 2979 973 3063 planas
1001 2980 1128 3044 numeri

63 3067 265 3136 aolinoarum
303 3068 464 3156 efficiunt,
501 3068 694 3133 sedetiam
731 3067 892 3131 extollunt
929 3067 1129 3152 altitudines,

103 3157 217 3241 quales
242 3161 319 3222 sunt
341 3157 443 3222 ferme
466 3162 572 3222 metae
595 3155 788 3241 triangulae,
814 3177 894 3239 quas
918 3155 1128 3240 ‘pyramidas’

103 3245 281 3332 appellant,
302 3246 355 3311 vel
378 3247 487 3331 qualia
511 3250 587 3311 sunt
606 3245 764 3329 quadrata
782 3245 935 3329 undique,
958 3244 1129 3327 (11111111-

102 3334 349 3421 βους’1111,1111
368 3334 616 3420 ‘quadrantalia'
636 3333 782 3398 dicimus.
820 3332 956 3416 ‘Kailios'
972 3333 1059 3397 enim
1078 3336 1129 3397 est
1153 3335 1172 3384 4

103 3424 212 3512 ligura
234 3446 274 3490 ex
297 3426 387 3490 omni
410 3425 512 3490 latere
536 3424 707 3509 quadrata,
731 3421 867 3505 quales
892 3426 996 3507 sunt,
1018 3421 1128 3504 inquit

64 3512 147 3581 orM.
170 3512 307 3600 Varro,
329 3520 518 3599 tesserae,
541 3513 685 3598 quibus
712 3511 754 3574 in
781 3510 934 3575 alveolo
962 3509 1129 3594 luditur,
