2392 3886
380 139 563 199 caristus
580 142 648 198 LIB.
668 141 702 198 X.

290 361 491 423 OAPITVLA
513 360 624 422 LIBRI
645 361 795 424 DECIMI

96 487 120 546 Ι.
159 480 360 547 ‘Tertium'ne
388 479 516 547 ‘consul’
544 504 584 547 an
610 479 726 547 ‘tertio’
754 485 813 547 dici
840 491 993 566 oporteat3
1021 493 1052 549 et

25 594 165 654 quonam
187 575 277 637 modo
301 573 353 637 cn.
372 574 546 654 Pompeius,
574 593 644 637 cum
666 575 697 635 in
720 575 853 655 theatro,
882 577 962 654 quod
985 582 1051 638 erat

26 665 235 743 dedicaturus,
252 665 382 724 honores
401 680 472 725 suos
490 662 644 744 scriberet,
662 664 871 741 quaestionem
889 665 1052 742 ancipitem

29 755 123 816 Istius
144 754 231 814 verbi
254 752 290 813 de
314 752 439 814 consilto
462 750 615 815 Ciceronis
635 751 788 815 vitaverit.

98 843 137 903 11.
174 841 254 913 Quid
280 841 462 905 Aristoteles
488 841 525 901 de
557 860 683 902 numero
710 842 862 919 puerperii
889 842 1051 903 memoriae

26 931 229 993 mandaverit.

97 1020 152 1080 III
184 1019 336 1081 Locorum
358 1018 549 1099 quorundam
571 1018 749 1080 inlustrium
770 1019 904 1082 conlatio
927 1022 1050 1079 conten·

26 1110 136 1186 tioque
158 1108 241 1169 facta
261 1127 299 1170 ex
322 1107 510 1169 orationibus
531 1106 564 1169 G.
584 1105 712 1171 Gracchi
735 1112 767 1169 et
783 1109 823 1168 II.
843 1107 996 1170 Ciceronis
1020 1112 1052 1168 et

25 1198 67 1258 M.
88 1196 220 1258 Catonis.

98 1286 151 1346 IV.
185 1284 271 1356 Quod
288 1284 321 1344 P.
334 1284 478 1362 Nigidius
500 1283 694 1363 argutissime
717 1285 829 1364 docuit,
851 1285 974 1347 nomina
992 1303 1052 1345 non

28 1374 165 1452 positiva
188 1391 263 1452 esse,
286 1372 339 1433 sed
360 1371 520 1432 naturalia

99 1463 137 1525 V.
168 1462 290 1524 Avarus
313 1461 478 1538 simplexne
495 1461 678 1523 vocabulum
705 1463 758 1542 sit,
785 1482 826 1524 an
853 1463 1053 1538 compositam

29 1556 63 1615 et
87 1552 210 1630 duplex,
232 1551 313 1613 siout
333 1550 366 1611 P.
384 1548 508 1627 Nigidio
530 1549 660 1612 ridetur.

35 1706 38 1710 Α
99 1641 152 1700 VI.
192 1639 324 1701 Multam
354 1638 469 1699 dictam
501 1657 565 1700 esse
597 1638 636 1698 ab
669 1638 817 1700 aedilibus
844 1639 944 1714 plebei
970 1638 1053 1715 Appi

28 1729 122 1791 Caeci
144 1728 235 1807 filiae,
258 1727 379 1787 mulieri
401 1727 505 1805 nobili,
528 1727 609 1805 quod
632 1727 735 1786 locuta
757 1729 837 1787 esset
855 1727 1052 1802 petulantius.

97 1817 166 1877 VII
194 1817 378 1894 Fluminum,
397 1834 474 1892 quae
490 1816 573 1876 ultra
586 1815 747 1891 imperium
760 1816 931 1875 Romanum
944 1814 1054 1894 fluunt,

27 1908 132 1986 prima
150 1905 360 1984 magnitudine
378 1922 443 1964 esse
461 1903 576 1981 Nilum,
598 1903 730 1964 secunda
745 1903 894 1982 Histrum,
917 1903 1054 1979 proxima

25 1996 201 2074 Rodanum,
224 1994 315 2056 sicuti
336 1993 376 2054 M.
390 1993 558 2055 Varronem
579 1992 702 2054 memini
724 1992 865 2055 scribere.

100 2084 182 2144 VIII.
214 2083 299 2143 Inter
319 2082 502 2160 ignominias
523 2081 680 2160 militares,
702 2081 814 2159 quibus
836 2080 950 2143 milites
969 2100 1051 2142 exer-

27 2174 189 2252 oebantur,
216 2172 311 2233 foisse
334 2170 490 2248 sanguinis
514 2169 731 2247 dimissionem
759 2174 791 2233 et
817 2188 967 2248 quaenam
990 2188 1054 2230 esse

27 2263 175 2325 videatur
196 2278 290 2322 causa
310 2258 519 2320 huiuscemodi
541 2259 757 2337 castigationis.

99 2351 152 2411 IX.
194 2348 310 2420 Quibus
337 2348 434 2409 modis
462 2366 581 2425 quoque
609 2347 719 2409 habitu
742 2349 823 2409 acies
845 2347 982 2407 Romana
1008 2346 1053 2406 in·

29 2440 112 2502 strui
127 2438 218 2499 sotiia
232 2438 285 2515 sit3
304 2456 441 2515 quaeque
457 2455 561 2496 earum
574 2436 810 2498 instructionum
823 2435 885 2495 sint
898 2434 1054 2497 vocabula

101 2528 136 2589 X.
173 2527 256 2599 Quae
280 2527 345 2587 eius
368 2526 413 2588 rei
440 2543 532 2587 causa
558 2525 611 2604 sit,
638 2524 721 2602 quod
748 2527 780 2586 et
802 2523 910 2584 Graeci
937 2525 1055 2583 veteres

31 2623 63 2679 at
78 2617 211 2678 Romani
229 2616 356 2677 anuum
372 2613 430 2676 hoc
449 2614 546 2694 digito
565 2614 759 2694 gestaverint,
776 2613 830 2691 qui
848 2616 895 2673 est
913 2612 945 2672 in
962 2628 1055 2672 mann

31 2708 160 2769 sinistra
182 2705 306 2766 minimo
329 2704 492 2780 proximus.
831 2707 833 2711 '

102 2795 154 2855 XI
177 2794 312 2854 Verbum
326 2786 468 2853 ‘mature'
483 2791 556 2868 quid
571 2791 719 2870 significet
733 2809 871 2870 quaeque
887 2789 970 2850 vocis
989 2787 1054 2848 eius

32 2884 115 2945 ratio
144 2882 198 2959 sit3
231 2885 262 2942 et
288 2880 369 2957 quod
397 2900 432 2941 eo
460 2880 552 2941 verbo
581 2881 692 2958 volgus
719 2879 876 2940 hominum
902 2877 1056 2953 inproprie
1138 2900 1141 2909 ·
1192 2889 1194 2896 ’

32 2975 158 3049 utatur3
181 2973 273 3049 atque
295 2969 380 3047 inibi,
403 2969 484 3047 quod
506 2963 656 3045 ‘praecox'
676 2968 862 3031 declinatum
880 2958 1056 3043 ‘praecocis'

32 3062 139 3139 faciat,
161 3078 222 3121 non
246 3051 457 3135 ‘praecoquis'.

102 3149 170 3211 XII
202 3148 248 3207 De
270 3146 419 3224 po1tentis
441 3146 629 3226 fabularum,
660 3165 737 3224 quae
760 3145 878 3205 Plinius
901 3140 1058 3204 Secundus

32 3237 243 3317 indignissime
256 3237 289 3295 in
302 3235 510 3295 Democritum
523 3236 739 3313 philosophum
752 3235 881 3309 confert;
900 3235 931 3293 et
945 3229 1058 3291 ibidem

34 3328 71 3388 do
97 3327 259 3387 simulacro
281 3325 401 3386 volucri
424 3325 587 3386 columbae.

102 3415 185 3476 XIII.
229 3408 318 3474 ‘Cum
348 3414 462 3489 partim
492 3406 660 3474 hominum'
694 3430 755 3490 qua
790 3410 908 3473 ratione
939 3410 1058 3468 veteres

35 3506 176 3565 dixerint.
