2392 3886
130 143 174 207 46
547 140 567 196 Ι.
586 159 627 196 111.
642 159 677 194 rr.

130 306 166 370 in
187 305 289 369 libro
313 301 400 389 περὶ
424 311 548 388 ψυχῆς
570 304 694 388 primo
721 303 828 367 verbis
856 302 908 367 his
931 303 980 366 ita
1003 303 1149 389 scripsit:

131 396 282 459 Χείλων
300 392 318 458 ὁ
342 395 524 476 παλαιός,
548 392 837 469 exoccupavit
855 391 1059 476 λέγοντος,
1080 418 1149 479 μη-

132 481 224 547 δένα
247 483 351 566 ἔχειν
375 481 537 566 ἐχθρόν,
560 482 778 566 ἠρώτησεν,
802 483 839 545 εί
855 479 1003 564 μηδένα
1027 484 1149 565 φίλον

130 573 225 655 ἔχει,
258 574 444 655 νομίζων,
482 569 519 649 ἐξ
552 569 723 653 ἀνάγκης
755 569 1047 635 ἐπακολουθεῖν
1084 571 1149 638 καὶ

130 658 473 744 σονεμπλέκεσθαι
495 669 581 736 ταῖς
604 661 757 742 φιλίοις
780 658 1002 743 ἀπεχθείας.
1168 667 1181 710 ⁵

605 835 662 901 IV.

130 941 219 1006 Quam
247 941 370 994 tenuiter
393 939 556 1008 curioseque
582 938 772 1009 exploraverit
795 939 934 994 Antonius
962 938 1091 996 lulianus
1117 942 1146 997 in

166 1011 294 1066 oratione
311 1009 348 1063 M.
368 1009 453 1064 lunii
471 1011 550 1065 verbi
569 1011 605 1065 ab
625 1027 658 1066 eo
677 1009 781 1065 mutati
800 1010 949 1080 argutiam.

104 1119 117 1166 1
196 1102 389 1167 Antonius
413 1101 588 1167 Iulianus
611 1102 724 1167 rhetor
745 1124 903 1188 perquam
930 1102 993 1166 fuit
1016 1102 1147 1171 honesti

130 1197 226 1275 atque
250 1191 377 1256 amoeni
395 1191 514 1278 ingeni.
550 1191 710 1256 Doctrina
728 1212 857 1275 quoque
875 1191 940 1256 ista
957 1191 1091 1258 utiliore
1110 1216 1146 1260 ac
1158 1203 1181 1244 ¹⁰

129 1279 312 1345 delectabili
334 1284 545 1364 veterumque
567 1279 804 1383 elegantiarum
827 1302 904 1345 cura
931 1284 964 1344 et
987 1283 1147 1348 memoria

129 1369 232 1434 multa
255 1369 331 1454 firit3
359 1369 399 1432 ad
426 1368 488 1434 hoc
512 1369 635 1453 scripta
662 1370 772 1434 omnia
794 1369 979 1452 antiquiora
1001 1374 1072 1434 tam
1096 1394 1147 1437 cu·

128 1459 227 1523 riose
243 1457 474 1542 spectabatet
503 1463 559 1522 aut
586 1458 725 1523 virtutes
756 1457 944 1542 pensitabat
976 1463 1033 1523 aut
1066 1459 1147 1525 vitia

128 1547 318 1632 rimabatur,
336 1551 373 1610 ut
390 1547 546 1612 iudicium
560 1568 631 1612 esse
645 1547 769 1612 factum
784 1548 824 1611 ad
839 1546 994 1611 amussim
1013 1547 1146 1614 diceres

102 1650 117 1698 a
195 1636 228 1701 Is
251 1636 428 1702 Iulianus
452 1657 549 1720 super
572 1657 611 1700 eo
634 1636 890 1720 enthymemate,
919 1635 1006 1720 quod
1032 1637 1181 1702 essina

129 1726 306 1790 oratione
329 1725 371 1789 M.
390 1724 525 1810 Tullii,
548 1746 658 1809 quam
680 1745 749 1809 pro
769 1722 830 1790 On.
848 1723 1008 1789 Plancio
1032 1725 1147 1813 dixit,

101 1814 175 1880 cita
197 1814 396 1880 existimavit
415 1851 457 1860 —
477 1814 534 1878 sed
550 1813 650 1878 verba
667 1813 772 1899 prius,
795 1813 834 1877 de
853 1813 971 1897 quibus
988 1813 1147 1880 iudicium

128 1905 169 1969 ab
184 1925 222 1969 eo
236 1904 360 1970 factum
373 1908 434 1988 est,
446 1903 519 1986 ipsa
531 1904 664 1987 ponam:
684 1901 917 1987 Quamquam
936 1902 1146 1969 dissimilis

127 1997 187 2057 cst
214 1993 400 2076 pecuniae
429 1991 578 2056 debitio
602 1997 638 2055 et
667 1991 826 2078 gratiae.
868 1989 963 2056 Nam
991 1992 1057 2079 qui
1084 2015 1146 2079 pe-

128 2081 278 2146 cuniam
311 2080 509 2165 dissolvit,
541 2080 675 2146 statim
705 2101 782 2145 non
813 2080 930 2145 habet
960 2079 1013 2165 id,
1042 2081 1177 2166 quoda

127 2169 310 2255 reddidit,
338 2169 403 2254 qui
431 2173 558 2234 autem
582 2169 709 2255 debet,
736 2170 765 2234 is
793 2170 939 2235 retinet
962 2168 1144 2257 alienum,
1185 2204 1188 2253 ς

127 2259 294 2345 gratiam
313 2262 439 2323 autem
458 2262 496 2324 et
514 2258 578 2343 qui
596 2258 718 2323 refert
736 2258 868 2344 habet,
886 2262 924 2323 et
942 2257 1008 2342 qui
1024 2257 1143 2324 habet

125 2349 166 2412 in
189 2370 231 2412 eo
254 2348 340 2433 ipso
364 2348 464 2432 quod
486 2347 603 2412 habet
625 2348 754 2413 refert.
792 2345 923 2432 Neque
951 2368 1021 2433 ego
1043 2368 1142 2413 nunc

127 2435 1141 2521 Planciodesinamdebere,sihocsolvero,necminus

127 2527 160 2590 ei
174 2526 372 2591 redderem
385 2526 593 2592 voluntate
606 2525 703 2612 ipsa,
718 2526 750 2591 si
764 2525 836 2591 hoc
850 2525 1054 2590 molestiae
1067 2534 1169 2590 nont

100 2615 397 2681 4accidisset-
355 2615 572 2701 -‘crispum
595 2613 684 2680 sanc'
702 2615 809 2699 inquit
832 2614 962 2701 ‘agmen
984 2613 1140 2679 orationis

126 2705 364 2788 rotundumque
397 2728 434 2770 ac
464 2704 633 2769 modulo
623 2725 696 2788 1pso
723 2725 933 2768 numerorum
959 2708 1140 2788 venustum,

127 2794 183 2858 scd
205 2794 292 2878 quod
315 2816 389 2859 cum
411 2793 506 2859 venia
527 2794 700 2880 legendum
723 2793 768 2858 sit
788 2793 879 2860 verbi
908 2792 1042 2876 paulum
1068 2752 1140 2856 idei

99 2883 288 2970 tinmutati,
310 2888 347 2948 ut
370 2883 549 2949 sententiae
572 2883 651 2947 fides
675 2881 765 2946 salva
788 2886 881 2946 esset.
917 2878 1068 2965 Namque
1090 2880 1140 2945 de·

125 2972 185 3036 bit
161 2977 208 3037 11ο
241 2972 365 3059 gratiae
398 2978 431 3038 et
461 2971 616 3057 pecuniae
649 2970 777 3036 conlata
804 2970 939 3035 verbum
966 2968 1170 3053 utrubique!

126 3062 248 3126 servari
273 3061 427 3146 postulat
473 3062 526 3126 Ita
553 3061 639 3125 enim
666 3065 753 3125 recte
781 3059 932 3144 opposita
958 3058 1044 3123 inter
1072 3079 1141 3123 sese

126 3150 250 3237 gratiae
270 3151 496 3236 ‘pecuniaeque
524 3149 647 3215 debitio
679 3149 855 3233 videbitur,
887 3147 915 3211 si
945 3152 978 3212 et
1004 3146 1143 3232 pecunia

126 3239 255 3342 quidem
278 3240 387 3305 deberi
411 3240 594 3306 dicaturet
617 3238 736 3325 gratia,
766 3238 822 3302 sed
842 3237 928 3339 ,quid
956 3236 1117 3302 eveniat'
1106 3257 1143 3301 nr

124 3329 261 3413 pecunia
284 3329 394 3394 debita
418 3330 505 3394 solut
491 3333 578 3413 t,ave
603 3327 681 3411 quid
704 3326 875 3392 contram
902 3325 1008 3412 gratia
1031 3324 1174 3391 debita

124 3418 298 3504 redditore,
316 3418 491 3484 debitionis
504 3380 605 3482 verbo
619 3417 782 3569 utrimque
798 3419 936 3500 servato,
954 3415 1142 3480 disseratur
1152 3424 1175 3471 Β

98 3505 260 3573 cOicero
288 3508 409 3574 autem'
441 3505 585 3590 inquit
588 3528 663 3570 cum
691 3505 814 3592 gratiae
842 3503 1062 3588 pecuniaeque
1091 3504 1144 3570 de·

985 3810 993 3857 l
