2392 3886
86 148 129 214 10
399 147 579 205 CAPI'I'VLA
595 148 664 205 LIB.
683 148 718 206 11.
736 149 782 205 III.

88 325 91 330 ’
151 315 276 377 XXVII.
304 316 384 387 Quid
407 317 440 376 T.
460 317 624 379 Castricius
648 317 828 379 existimarit
851 337 941 395 super
960 317 1101 378 Sallustii

85 405 186 466 verbis
209 407 240 464 et
261 405 482 484 Demosthenis,
505 406 615 484 quibus
639 407 717 467 alter
734 407 910 485 Philippum
932 407 1101 485 descripsit,

84 495 163 554 alter
186 493 361 555 Sertorium.

151 583 289 642 XXVIII.
322 584 392 643 Non
414 602 478 644 esse
502 587 702 662 compertum,
726 584 776 645 cui
799 584 855 645 deo
877 604 941 644 rem
964 584 1099 644 divinam

82 671 151 733 ,fieri
174 674 321 752 oporteat,
345 690 414 732 cum
435 675 518 732 terra
540 676 649 734 movet.
726 730 728 734 .

152 760 258 821 XXIX.
310 761 468 840 Apologus
504 761 617 838 Aesopi
657 761 786 840 Phrygis
828 765 1012 823 memoratu*
1037 780 1100 821 non

88 849 213 910 inutilis.

152 937 243 997 XXX.
274 936 354 1007 Quid
372 938 567 1000 observatum
584 939 625 999 sib
641 939 674 998 in
691 936 843 999 undarum
860 938 1002 1016 motibus,
1023 957 1101 1016 quae

85 1026 118 1087 in
140 1026 217 1085 mari
240 1025 300 1086 alio
324 1029 415 1104 atque
438 1027 498 1088 alio
517 1028 607 1088 modo
625 1027 703 1087 fiunt
721 1027 833 1088 ansuis
851 1028 995 1088 flantibus
1014 1029 1101 1104 aqui-

85 1115 275 1192 lenibusque.

344 1273 546 1336 OAPITVLA
567 1275 676 1335 LIBRI
700 1275 845 1336 ruam

153 1381 176 1440 1.
218 1379 397 1451 Quaesitum
432 1384 524 1458 atque
559 1385 738 1460 tractatum,
776 1400 867 1458 quam
903 1383 940 1442 ob
978 1400 1103 1442 causam

82 1468 252 1529 Sallustius
282 1470 443 1530 arentiam
472 1470 582 1531 dixerit
608 1491 668 1532 non
695 1471 831 1531 animum
856 1471 945 1531 modo
972 1471 1101 1548 virilem,

85 1558 140 1619 sed
163 1576 272 1635 corpus
295 1578 415 1636 quoque
437 1559 539 1636 ipsum
560 1559 738 1621 effeminare.

154 1647 193 1706 II.
227 1646 395 1718 Quemnam
417 1666 481 1708 esse
503 1649 637 1710 natalem
659 1648 740 1709 diem
756 1648 796 1709 Μ.
815 1648 912 1709 Varro
936 1648 1025 1725 dicat,
1048 1649 1102 1724 qui

88 1739 157 1797 ante
181 1736 287 1799 ,noctis
313 1737 421 1797 horam
447 1740 564 1798 sextam
591 1741 697 1814 postve
720 1757 787 1798 eam
809 1737 874 1797 nati
896 1740 980 1814 sunt3
1008 1739 1102 1813 atque

87 1825 163 1884 inibi
185 1824 222 1885 de
245 1825 432 1901 temporibus
450 1827 647 1903 terminisque
665 1826 792 1903 dierum,
811 1825 864 1903 qui
882 1826 987 1886 civiles
1004 1827 1102 1885 nomi-

88 1917 201 1973 nantur
232 1915 264 1975 et
294 1933 511 1992 usquequaque
543 1915 683 1992 gentium
711 1915 795 1974 varie
827 1914 1039 1990 observantur3
1071 1919 1105 1976 et

87 2006 244 2078 praeterea
262 2002 336 2079 quid
355 2001 388 2072 Q.
408 2002 526 2062 Mucius
544 2003 699 2078 scripserit
717 2021 808 2080 super
825 2021 861 2063 ea
874 2003 1009 2079 muliere,
1024 2021 1103 2079 quae

88 2108 107 2151 a
129 2091 239 2151 marito
261 2109 322 2150 non
344 2090 411 2151 iure
433 2108 465 2150 se
487 2091 704 2170 usurpavisset,
728 2091 810 2171 quod
831 2091 981 2151 rationem
1003 2091 1104 2152 civilis

88 2179 160 2239 anni
181 2197 242 2239 non
263 2178 413 2239 habuerit.

154 2267 212 2328 III.
248 2267 294 2327 De
330 2267 487 2328 noscendis
519 2267 767 2346 explorandisque
797 2269 901 2330 Plauti
932 2269 1105 2348 comoediis,

89 2357 232 2433 quoniam
249 2355 396 2433 promisce
409 2375 498 2417 verae
513 2361 604 2435 atque
618 2358 712 2418 falsae
727 2357 846 2418 nomine
860 2358 926 2417 eius
939 2358 1104 2433 inscriptae

88 2445 242 2523 fernntnr;
265 2448 357 2523 atque
376 2443 460 2523 inibi,
483 2446 565 2523 quod
582 2446 712 2522 Plautus
730 2449 762 2507 et
779 2446 914 2507 Naevius
932 2446 965 2505 in
983 2464 1104 2507 carcere

88 2533 208 2595 fabulas
231 2533 440 2611 scriptitarint.

155 2623 207 2682 IV.
236 2623 324 2694 Quod
337 2622 368 2682 P.
387 2621 532 2684 Africano
550 2626 582 2683 et
599 2623 669 2684 aliis
683 2627 757 2684 tunc
772 2623 847 2685 viris
862 2622 1014 2683 nobilibus
1030 2627 1102 2683 ante

89 2714 221 2772 aetatem
235 2714 387 2772 senectam
400 2710 526 2772 barbam
538 2714 570 2772 et
583 2731 676 2790 genas
689 2713 795 2773 radere
813 2730 878 2773 mos
896 2712 1014 2788 patrius
1032 2711 1103 2772 fnit.

155 2800 192 2861 V.
224 2800 411 2860 Deliciarum
436 2799 547 2861 vitium
569 2804 601 2860 et
627 2801 771 2862 mollities
798 2801 956 2861 oculorum
983 2804 1014 2860 et
1037 2819 1104 2861 cor-

90 2889 172 2967 poris
201 2889 240 2949 ab
267 2889 405 2948 Arcesila
433 2888 614 2965 philosopho
642 2889 762 2950 cuidam
789 2889 973 2966 obprobrata
995 2888 1104 2950 acerbe

90 2978 180 3038 simul
203 2980 235 3036 et
256 2977 413 3038 festiviter.

156 3065 207 3125 VI.
239 3065 285 3125 De
307 3065 339 3126 vi
362 3068 453 3143 atque
476 3069 587 3126 natura
604 3066 723 3142 palmae
742 3066 867 3144 arboris,
886 3066 968 3144 quod
985 3064 1105 3143 lignum

90 3173 127 3215 ex
149 3173 185 3214 ea
207 3153 390 3230 ponderibus
413 3154 520 3233 positis
542 3154 700 3216 renitatur.

156 3242 223 3302 VH.
259 3242 396 3303 Historia
427 3262 464 3303 ex
494 3243 654 3304 annalibus
677 3246 799 3321 sumpta
830 3242 866 3302 de
898 3241 932 3313 Q.
965 3241 1104 3303 Caedicio

89 3333 213 3395 tribuno
235 3332 381 3407 militum3
399 3332 551 3409 verbaque
569 3352 607 3393 ex
624 3331 792 3410 originibus
809 3331 850 3391 M.
869 3329 992 3392 Catonis
1010 3349 1105 3407 appo-

90 3421 162 3496 sita,
191 3421 300 3497 quibus
323 3419 443 3482 Caedici
465 3421 611 3482 vir-tutem
633 3439 704 3481 cum
725 3419 874 3496 Spartano
897 3419 1032 3481 Leonida
1055 3439 1106 3480 ae·

90 3511 236 3590 quiperat.
