2392 3886
97 142 139 206 14
444 141 622 197 CAPITVLA
639 140 707 199 LIB.
725 141 759 196 V.

161 309 199 368 11.
233 309 330 385 Super
349 329 424 386 equo
439 309 604 370 Alexandri
621 309 710 388 regis,
730 309 782 386 qui
795 309 985 385 Bucephalas
1000 310 1109 386 'appel-

94 398 176 458 latus
199 401 238 457 et
1065 423 1067 426 >

160 486 214 547 m.
247 485 329 557 Quae
357 505 450 548 cansa
472 486 611 565 quodque
634 487 756 546 initium
777 487 871 546 fuisse
894 485 1014 546 dicatur
1034 486 1109 546 Pm-

93 579 218 654 tagoraa
241 574 280 635 ad
302 575 510 653 philosophiae
532 575 652 636 litteras
674 573 814 635 adeundi

159 663 211 725 IV.
247 665 291 724 De
317 665 411 726 sorbo
443 665 660 742 duovicesimo,
688 663 769 741 quod
795 665 889 742 vulgo
917 662 1110 741 incognitum

93 756 148 832 est,
171 773 190 813 a
211 753 285 814 viris
308 753 404 813 doctis
426 753 626 813 multifariam
647 754 680 812 in
701 753 788 812 libris
811 753 957 829 scriptum
980 755 1034 812 est.

159 841 195 901 V.
228 840 404 902 Cuiusmodi
430 842 496 902 ioco
517 841 712 902 incavillatus
734 841 775 901 eit
796 841 983 901 Antiochum
1004 859 1109 919 regem

91 929 211 990 Poenus
232 928 393 991 Hannibal.

158 1018 210 1077 Vl.
242 1018 287 1078 De
319 1019 437 1079 coronis
464 1019 660 1096 militaribus3
693 1036 770 1096 quae
798 1019 840 1078 sit
866 1037 971 1078 earum
996 1018 1107 1079 trium-

92 1107 200 1185 phalis,
223 1127 299 1184 quae
323 1107 526 1186 obsidionalis,
549 1127 626 1185 quae
649 1108 753 1184 civica,
776 1126 854 1184 quae
875 1108 1010 1185 muralis,
1028 1127 1109 1184 quae

92 1197 261 1273 castrensis,
283 1215 360 1273 quae
383 1197 509 1275 navalis,
531 1215 609 1274 quae
633 1196 737 1274 ovalis,
760 1215 837 1272 quae
860 1196 1024 1274 oleaginea.

158 1284 224 1345 VH
257 1278 428 1344 ‘Personae'
450 1284 634 1345 vocabulum
655 1304 745 1361 quam
767 1285 866 1360 lepide
888 1286 1109 1362 interpretatus

92 1374 133 1433 sit
150 1391 300 1451 quamque
319 1391 383 1433 esse
396 1374 479 1434 vocis
493 1375 558 1434 eius
573 1375 719 1451 originem
733 1373 842 1433 dixerit
856 1372 969 1434 Gavius
982 1374 1107 1435 Bassus.

159 1461 240 1520 VIII.
264 1462 413 1522 Defensus
427 1482 510 1522 error
523 1482 541 1522 a
554 1462 683 1541 Vergilii
700 1462 846 1540 versibus,
865 1481 941 1539 quos
961 1466 1110 1540 arguerat

90 1551 191 1612 Iulius
212 1551 354 1629 Hyginus
376 1551 606 1629 grammaticum
629 1555 661 1611 et
682 1550 806 1628 ibidem,
835 1550 908 1627 quid
931 1552 971 1611 sit
993 1551 1108 1630 lituus;

92 1639 188 1717 dequo
212 1637 387 1723 ἕτυμολογίᾳ
408 1641 491 1701 vocis
515 1641 588 1702 sius.

157 1728 207 1789 IX.
239 1728 376 1790 Historia
402 1728 438 1789 de
462 1729 564 1790 Oroosi
589 1729 652 1789 filio
675 1732 760 1789 muto
784 1748 821 1788 ex
842 1728 990 1788 Herodoti
1008 1729 1105 1805 libris.

156 1817 191 1877 X.
224 1817 269 1878 De
291 1818 488 1896 argumentis,
511 1836 588 1895 quae
612 1815 724 1878 Graece
747 1813 976 1896 ἀντιστρέφοντα
999 1819 1105 1894 appel·

89 1905 202 1985 lantur,
224 1906 352 1967 anobis
376 1901 552 1983 ‘reciproca'
576 1906 636 1965 dici
658 1910 793 1981 possunt

155 1994 207 2054 XI.
239 1995 357 2055 Biantis
375 1995 412 2055 de
431 2014 464 2054 re
482 1995 589 2054 uxoria
608 1994 819 2073 syllogismum
831 2013 892 2054 nou
905 2012 993 2071 posse
1006 1994 1106 2055 videri

89 2079 299 2161 ἀντιστρέφειν.
1104 2132 1109 2138 .

156 2170 222 2231 XII.
245 2171 299 2231 ‘De
322 2170 493 2233 nominibus
516 2172 641 2232 deorum
663 2173 769 2249 populi
790 2171 920 2232 Romani
941 2171 1047 2232 Diovis
1071 2176 1107 2233 et

88 2260 239 2321 Vediovis.

99 2396 102 2402 ,
154 2350 236 2410 ΧΙΠ.
263 2350 308 2409 Da
327 2347 496 2409 officiorum
513 2349 610 2429 gradu
624 2352 715 2428 atoue
730 2349 834 2411 ordine
848 2349 982 2411 moribus
995 2349 1105 2425 populi

87 2439 217 2498 Romani
240 2437 407 2499 observato.
915 2516 917 2521 .

154 2528 234 2587 XIV.
280 2526 368 2598 Quod
398 2525 511 2606 Apion,
547 2527 654 2588 doctus
690 2527 793 2606 homo,
829 2527 883 2604 qui
921 2526 1104 2587 Plistonices

88 2617 259 2694 appellatus
289 2619 349 2694 est,
377 2615 488 2676 vidisse
519 2634 550 2675 se
576 2617 690 2676 Romae
717 2616 839 2693 scripsit
864 2614 1105 2694 recognitionem

88 2705 167 2764 inter
190 2723 254 2765 sese
277 2709 417 2765 mutuam
439 2723 475 2764 ex
498 2707 599 2766 vetere
621 2705 732 2765 notitia
753 2704 883 2765 hominis
902 2707 933 2764 at
951 2703 1055 2764 leonis.

154 2795 218 2854 XV.
251 2793 406 2871 Corpusne
425 2793 466 2853 sit
481 2812 541 2854 uox
559 2812 598 2853 an
616 2790 783 2871 ἀσώματον,
799 2794 901 2854 varias
919 2810 983 2853 esse
1001 2792 1102 2868 philo-

88 2884 251 2959 sophorum
273 2883 447 2943 sententias.

23 2981 87 3047 ἡ
153 2971 232 3030 XVl.
264 2971 310 3032 De
332 2972 365 3032 vi
387 2971 544 3032 oculorum
565 2970 662 3049 deque
683 2970 807 3031 videndi
828 2970 1005 3030 rationibus.

90 3054 119 3071 ””
153 3060 247 3120 XVH.
276 3059 373 3131 Quam
388 3060 426 3120 ob
435 3077 557 3120 causam
567 3060 631 3120 dies
639 3060 729 3137 primi
739 3063 808 3135 post
816 3059 977 3137 Kalendas,
986 3058 1102 3138 Nonas,

86 3149 158 3209 Idus
169 3149 228 3208 atri
237 3149 419 3226 habeantur3
433 3152 464 3210 ot
473 3167 528 3209 cur
537 3148 616 3208 diem
625 3167 745 3226 quoque
755 3151 899 3226 quartum
909 3151 977 3207 anta
987 3147 1099 3207 Kalen·

87 3238 140 3298 das
162 3239 213 3298 vel
234 3237 337 3298 Nonas
359 3238 410 3299 vel
431 3236 504 3298 Idus
527 3238 614 3315 quasi
636 3237 813 3315 religiosum
833 3237 970 3314 plerique
992 3236 1100 3298 vitant.

152 3326 261 3386 XVIH.
293 3327 330 3386 In
353 3327 425 3404 quid
447 3329 479 3386 et
501 3330 651 3404 quantum
669 3327 788 3386 differat
805 3325 932 3387 historia
950 3324 988 3385 ab
1008 3343 1100 3384 anna-

86 3414 179 3492 libus3
203 3434 352 3492 superque
375 3435 411 3476 ea
432 3435 465 3476 rs
487 3415 580 3477 rerba
601 3415 703 3493 posita
724 3434 760 3475 ex
782 3415 860 3475 libro
879 3433 981 3474 rerum
997 3417 1100 3492 gesta-

85 3523 154 3564 rum
178 3503 346 3580 Sempronii
369 3504 533 3565 Asellionis
556 3505 661 3581 primo.
