2392 3886
102 153 166 219 136
524 152 571 207 III.
589 170 626 207 xr.
639 171 687 208 xrr.

75 316 205 402 oquod
227 314 433 401 Homerus,
454 315 578 400 inquit,
601 336 684 380 cum
706 315 746 380 in
768 315 959 401 principio
983 317 1120 381 carmi·

100 405 162 470 nis
192 404 387 469 Achillem
421 426 504 470 esse
539 403 669 468 filium
698 403 806 469 Pelei
835 404 1001 491 diceret,
1030 406 1118 491 quis

103 499 207 558 esset
237 492 392 579 Peleus,
420 515 497 558 non
526 492 690 578 addidit3
720 514 830 578 quam
858 514 938 558 rem
968 457 1119 579 phocul,

102 582 219 667 inquit,
242 581 362 647 dubio
386 581 552 646 dixisset
538 580 667 665 t,nisi
690 582 739 647 ab
757 580 956 646 Hesiodo
947 603 1022 647 ram
1040 583 1119 648 dic-

102 669 363 735 tumvideret
409 669 464 734 De
482 666 651 772 Cyclope
669 668 845 734 rtrdem
809 670 953 772 ,inquit
929 671 1030 736 rel
1048 693 1120 737 ma
1145 688 1161 728 ⁵

101 759 206 824 xime
234 758 336 911 quotd
362 758 552 823 unoculus
581 756 675 843 fuit,
710 780 789 824 rem
819 759 934 824 tam
923 760 1119 845 insignem

101 869 178 912 non
210 869 301 932 prae
307 847 485 931 lenisset,
515 846 595 911 nisi
627 809 747 931 adque
779 847 924 933 prioris
956 846 1119 913 Hesiodi

103 935 343 1002 carminibus
366 935 612 1020 invulgatum
643 940 754 1001 esset.

77 1035 94 1085 a
171 1023 221 1088 De
243 1023 351 1108 patria
374 1044 503 1109 quoque
525 1022 683 1089 Homeri
706 1024 811 1088 multo
833 1024 973 1090 maxime
999 1025 1120 1090 dissen-

106 1133 179 1177 sum
197 1116 256 1177 est.
299 1111 367 1176 Alii
385 1109 634 1197 Colophonium,
652 1112 708 1177 alii
728 1111 950 1199 Smyrnaeum,
969 1118 1046 1179 sunt
1064 1115 1120 1199 qui
1135 1131 1162 1170 1⁰

104 1200 349 1286 Atheniensem,
372 1206 448 1266 sunt
471 1200 571 1266 etiam
588 1200 645 1286 qui
663 1200 864 1287 Aegyptium
881 1201 983 1267 firisse
1002 1203 1121 1288 dicant,

77 1288 347 1355 rAristoteles
365 1289 500 1356 tradidit
518 1310 558 1354 ex
576 1288 684 1355 insula
701 1289 748 1355 Io.
762 1289 805 1354 Μ.
820 1289 943 1355 Varro
962 1292 999 1355 in
1015 1290 1120 1355 libro

104 1378 148 1443 de
170 1378 413 1464 imaginibus
436 1378 559 1463 primo
582 1377 742 1444 Homeri
764 1379 901 1466 imagini
919 1380 1122 1466 epigramma

104 1465 168 1532 hoo
192 1467 358 1552 apposuit:

151 1606 311 1695 Capella
338 1606 497 1674 Homeri
526 1608 691 1674 candida
722 1609 815 1675 haec
846 1609 1035 1712 tumulum
1063 1607 1121 1674 in·
1135 1642 1162 1683 15

150 1784 257 1863 Quod
279 1785 351 1851 hdo
373 1784 480 1852 Ietae
503 1786 658 1852 mortuo
681 1784 835 1852 faciunt
853 1699 974 1853 {horarii

575 1977 650 2044 XII.

104 2101 227 2171 Largum
248 2102 334 2169 atque
353 2098 468 2155 avidum
485 2098 646 2155 bibendia.
664 2099 695 2154 P.
713 2099 844 2170 Nigidio,
868 2100 1033 2158 doctissimo
1052 2101 1120 2174 viro,

143 2187 219 2227 nova
237 2175 267 2225 et
284 2186 372 2241 prope
392 2170 516 2225 absurda
532 2171 665 2227 vocabuli
683 2170 775 2240 figura
794 2143 948 2226 ‘biborum’
970 2172 1086 2228 dictum.
1136 2192 1166 2232 ao

81 2299 96 2348 1
174 2278 313 2344 Bibendi
342 2278 530 2344 aridumP.
553 2278 775 2366 Nigidius
765 2302 806 2344 111
833 2282 1123 2347 commentariis

79 2366 375 2485 agrammaticis
394 2367 566 2434 bibacem'
586 2373 619 2434 et
638 2367 813 2434 bibosum'
832 2369 921 2435 dicit
944 2369 1123 2436 Bibacem'

106 2479 168 2544 ego
192 2461 230 2522 ut
215 2455 407 2522 tedacem’
432 2456 636 2543 aplerisque
664 2456 737 2521 aliis
763 2456 886 2522 dictum
908 2459 997 2560 lego,
1021 2458 1125 2522 bibo—

108 2545 192 2610 sum’
216 2545 339 2612 dictum
361 2546 506 2611 nondum
529 2545 629 2610 etiam
651 2567 790 2631 usquam
808 2546 936 2631 repperi
954 2546 1020 2611 nisi
1038 2547 1124 2632 apud

105 2633 326 2719 Laberium,
359 2654 464 2736 neque
495 2633 583 2699 aliud
612 2638 679 2719 est',
713 2633 806 2750 quod·
836 2634 934 2699 simili
964 2635 1167 2709 inclinatu25

80 2723 195 2792 edicat
195 2745 242 2787 ur.
288 2721 365 2787 Non
388 2722 475 2788 enim
498 2722 604 2787 simile
626 2727 687 2807 eat,
708 2722 774 2787 ut
776 2722 921 2788 vinosus'
943 2728 1001 2788 cut
1018 2723 1124 2788 vitio·

108 2811 174 2877 sus'
200 2816 385 2897 ceteraque,
411 2832 494 2896 quae
516 2810 579 2877 hoc
607 2811 704 2876 modo
732 2811 900 2897 dicuntur,
927 2812 1081 2896 quoniam
1105 2835 1125 2878 a

79 2900 284 2986 uocabulis,
305 2920 373 2964 non
392 2922 412 2964 a
433 2900 543 2986 verbo,
564 2899 722 2965 inclinata
745 2903 829 2964 sunt.
874 2900 1063 2966 Laberius
1088 2901 1125 2964 in

106 2989 236 3076 mimo,
262 2989 318 3074 qui
342 2987 541 3054 Salinator
562 2988 739 3074 inscriptus
767 2993 831 3076 est,
857 2990 957 3054 verbo
984 2989 1047 3056 hoc
1076 2989 1124 3054 ita

106 3076 227 3142 1111111Γὲ
1137 3112 1167 3152 30

151 3199 238 3266 Non
260 3222 482 3288 mammosa,
503 3202 580 3267 11611
598 3222 757 3288 annosa,
778 3203 855 3266 ndu
872 3201 1030 3287 bibosa,
1047 3203 1125 3266 ndn

747 3311 900 3376 procax.

768 3395 772 3401 ·
922 3367 950 3418 l
