2392 3886
553 144 575 199 1.
593 163 652 201 ιιιι.
671 163 708 200 11.
1095 142 1138 210 ὃὸ

114 306 290 391 pecuniam
322 307 509 372 demerebat
539 311 783 390 conventusque
811 307 853 370 ad
881 327 953 371 eam
981 306 1138 372 ditiorum
1163 298 1174 317 ‘

115 395 289 460 hominum
318 396 470 460 exomni
494 395 631 460 Graecia
658 396 801 460 celebres
825 400 932 480 erant,
959 416 1063 480 neque
1087 396 1139 461 ad·

116 484 313 549 mittebatur
334 483 400 548 nisi
428 484 484 568 qui
511 484 611 549 dabat
638 485 725 567 quod
747 489 956 570 poposcerat3
982 485 1140 570 poscebat

118 579 228 638 autem
255 572 314 637 illa
339 572 478 637 nimium
511 572 690 657 quantum'.
737 573 824 637 Hinc
853 572 900 638 ait
925 578 1040 639 natum
1068 591 1166 642 esset

93 662 199 727 tillud
222 661 376 746 frequens
400 662 486 746 apud
509 660 650 728 Graecos
675 661 841 748 adagium:

117 751 173 817 Οὐ
201 751 351 827 παντὸς
373 749 518 835 ἀνδρὸς
540 749 579 827 ἐς
600 753 810 835 Κόρινθον
837 748 925 815 ἔσθ’
957 750 975 816 ὁ
1002 754 1139 834 πλοῦς,

117 840 206 924 quod
229 839 353 905 frustra
374 839 438 904 iret
460 836 655 904 Corinthum
679 840 719 905 ad
741 838 876 905 Laidem
904 839 960 923 qui
982 861 1049 904 non
1073 840 1140 924 qui·

114 933 166 993 ret
180 929 260 992 dare
275 927 362 1012 quod
375 933 571 1012 posceretur.
609 927 673 993 ³Ad
686 928 771 993 hanc
784 929 840 993 ifle
854 928 1166 996 Demosthenest

114 1017 304 1083 clanculum
335 1017 403 1082 adit
433 1022 466 1082 et
495 1021 534 1082 ut
564 1017 627 1082 sibi
657 1017 785 1103 copiam
815 1018 866 1083 sui
897 1017 1019 1083 faceret
1047 1019 1140 1103 petit.

82 1121 102 1164 1⁰
113 1106 162 1172 At
185 1105 267 1170 Lais
294 1108 415 1190 μυρίας
439 1106 586 1190 δραχμὰς
613 1106 790 1191 poposcit’‚
817 1106 880 1172 hoc
907 1106 988 1172 facit
1014 1107 1140 1172 nummi

111 1195 278 1261 nostratis
302 1195 470 1259 denarium
490 1195 601 1260 decem
624 1195 722 1260 milia.
760 1195 843 1260 ‘Tali
866 1196 1049 1280 petulantia
1071 1219 1140 1262 mu
1150 1212 1166 1262 a

112 1284 208 1349 lieris
232 1288 330 1366 atque
357 1284 513 1367 pecuniae
540 1284 766 1371 magnitudine
792 1284 878 1350 ictus
902 1286 1141 1370 expavidusque

112 1371 404 1437 Demosthenes
419 1372 578 1437 avertitur
592 1377 625 1437 et
643 1373 839 1439 discedens
842 1373 916 1460 ego'
934 1374 1066 1458 inquit³
1068 1397 1141 1458 pae

111 1462 224 1527 nitere
247 1460 332 1526 tanti
355 1482 421 1525 non
440 1459 555 1526 em0''.
598 1459 662 1526 Sed
682 1460 836 1527 Graeca
827 1485 909 1548 1psa,
933 1484 1015 1546 quae
1037 1464 1141 1528 fertur

71 1566 98 1610 ιι
113 1550 240 1615 dixisse
245 1548 436 1634 ,lepidiora
460 1548 582 1614 sunt:³
590 1550 652 1615 οὐκ
675 1551 840 1635 ὠνοῦμαι’
863 1551 1004 1634 inquit³
1011 1555 1141 1637 μυρίων

113 1640 277 1725 δραχμῶν
300 1636 536 1722 μεταμέλειανῖ

602 1797 658 1862 IX.

113 1918 187 1986 Quis
207 1918 307 1972 modus
330 1917 428 1987 fuerit,
452 1917 516 1987 quis
535 1918 604 1973 ordo
623 1916 792 1987 disciplinae
810 1917 1029 1999 Pythagoricae,
1053 1934 1141 1988 quan·

68 2071 99 2114 ²0
152 1989 424 2116 qqmtqqgntplmporis
437 1988 609 2059 imperatum
619 1989 856 2058 observatumque
871 1988 909 2044 sit
918 1989 1047 2045 discendi
1057 1990 1142 2047 simul

185 2167 274 2234 Ordo
294 2174 392 2255 atque
406 2169 491 2235 ratio
506 2168 754 2255 Pythagorae
773 2193 811 2237 ac
825 2170 976 2257 deinceps
995 2170 1163 2237 familiael

112 2258 334 2326 successionis
367 2259 436 2324 eius
468 2258 644 2344 recipiendi
676 2258 933 2343 instituendique
963 2260 1139 2345 discipulos

111 2347 341 2414 huiuscemodi
371 2348 473 2412 fuisse
505 2347 658 2412 traditur:
691 2347 762 2412 lam
794 2373 813 2414 a
839 2349 1001 2433 principio
1032 2350 1163 2414 adulo-2

114 2441 256 2522 scentes,
274 2437 329 2521 qui
348 2458 419 2502 sese
438 2437 479 2501 ad
498 2436 686 2501 discendum
705 2437 901 2522 obtulerant,
920 2437 1139 2522 ³tuvccoyvor-

72 2551 99 2592 aa
114 2524 233 2611 povsc'.
274 2524 314 2590 Id
331 2525 467 2590 verbum
490 2525 664 2611 significat,
685 2547 792 2592 mores
815 2531 1013 2610 naturasque
1035 2525 1139 2591 homi-

113 2636 197 2679 num
226 2613 462 2679 coniectatione
486 2615 627 2697 quadam
655 2615 693 2678 de
717 2614 783 2680 oris
807 2620 840 2679 et
867 2615 976 2681 vultus
1004 2614 1138 2701 ingenio

115 2704 220 2788 deque
239 2703 342 2768 totius
362 2703 507 2788 corporis
525 2703 582 2768 filo
602 2708 699 2787 atque
713 2702 830 2768 habitu
849 2703 1017 2769 sciscitari.
1055 2704 1163 2769 'lumb

116 2793 172 2877 qui
203 2792 391 2876 exploratus
420 2792 461 2856 ab
490 2813 529 2856 eo
558 2792 759 2877 idoneusque
784 2792 993 2873 [declaratus]
1022 2792 1140 2879 fuerat,

114 2881 218 2966 recipi
241 2881 277 2945 in
299 2880 506 2966 disciplinam
525 2881 639 2946 statim
657 2881 793 2946 iubebat
814 2886 847 2946 et
865 2886 993 2965 tempus
1013 2886 1138 2946 certum

77 2974 238 3039 utacere:
268 2991 336 3034 non
359 2991 472 3036 omues
494 2969 595 3055 idem,
624 2969 682 3035 sed
704 2969 786 3035 alios
810 2970 898 3035 aliud
921 2975 1049 3054 tempus
1077 2991 1137 3054 pro

115 3059 292 3125 aestimato
312 3064 409 3145 captu
428 3058 601 3125 sollertiae.
642 3057 676 3122 Ia
696 3064 806 3125 autem
825 3059 882 3143 qui
904 3059 1035 3124 tacebat
1055 3071 1164 3142 quae4

115 3149 309 3215 dicebantur
323 3149 364 3213 ab
379 3148 452 3214 aliis
468 3148 630 3233 audiebat,
647 3169 751 3236 neque
765 3147 960 3233 percontari,
979 3147 1138 3232 siparum

114 3236 333 3323 intellexerat,
354 3259 459 3323 neque
479 3236 692 3303 commentari
712 3259 795 3321 quae
814 3237 960 3302 audierat
978 3236 1029 3300 fas
1054 3240 1137 3321 erat,

114 3328 172 3393 sed
198 3347 268 3391 non
295 3326 402 3392 minus
431 3327 604 3411 quisquam
632 3326 736 3391 tacuit
769 3348 866 3410 quam
893 3325 1074 3390 biennium:
1102 3286 1138 3387 hi

75 3439 101 3482 aa
111 3437 250 3502 prorsus
265 3415 537 3500 appellabantur'
528 3421 578 3480 mt
579 3438 616 3479 ra
633 3420 762 3500 tempus
776 3414 905 3481 tacendi
924 3412 1138 3495 audiendique

114 3505 344 3572 ³duovonuor⁰.
390 3504 454 3570 Ast
483 3505 540 3568 ubi
568 3526 619 3569 res
648 3504 828 3569 didicerant
854 3525 963 3568 rerum
991 3501 1164 3565 omniumo
