2392 3886
102 141 166 206 138
545 140 591 194 Ill.
611 158 664 195 x1v.

100 305 226 370 iectus
257 303 324 387 sit,
347 302 623 368 ‘dimidiatum'
653 324 736 366 eum
764 324 847 367 esse
876 304 1003 369 dicere
1033 327 1117 390 soy-

97 393 215 479 phum
245 392 378 476 debeo,
407 413 483 455 non
512 390 761 475 ‘dimidium'‚
790 393 944 478 argenti
975 397 1117 479 autem,

101 481 205 566 quod
223 481 324 545 ineo
344 480 488 566 scypho
506 480 622 563 inest,
642 479 872 545 ‘dimidium'
887 504 1009 546 meum
1024 503 1118 568 esse,

74 589 176 638 enon
191 568 476 652 ‘dimidiatum',
495 568 688 654 disseritque
708 590 745 634 ao
764 568 879 634 dividit
893 570 1117 656 subtilissime,

76 658 181 745 aquid
209 657 401 723 ‘dimidium'
430 656 622 722 ‘dimidiato'
651 657 795 743 intersit,
823 663 856 724 et
884 657 919 734 Q.
947 658 1116 727 Ennium
1157 678 1169 718 ⁵

102 748 242 814 solenter
263 746 326 813 hoo
349 747 385 811 in
408 745 613 811 annalibus
637 745 756 811 dixisse
780 746 839 811 ait:

147 870 273 937 Sicuti
296 869 329 934 si
353 870 439 955 quis
462 869 564 934 ferat
586 892 653 934 vas
678 869 760 935 vini
788 870 1049 958 dimidiatum,

102 1013 200 1080 siouti
217 1035 303 1097 pars,
322 1033 404 1097 quae
423 1011 513 1077 deest
531 1011 561 1076 ei
579 1033 667 1097 vaso,
685 1033 753 1078 non
771 1011 961 1079 ‘dimidiata'
982 1015 1118 1081 dioenda

102 1107 162 1188 est,
185 1102 242 1167 sed
264 1099 429 1165 ‘dimidia’.

77 1211 94 1260 0
170 1189 283 1256 Omnis
315 1195 424 1255 autem
452 1189 683 1275 disputationis
711 1190 794 1277 eius,
824 1214 923 1277 quam
951 1192 1117 1258 subtiliter
1131 1212 1158 1252 ιο

103 1279 243 1367 quidem,
265 1280 322 1345 sed
344 1280 520 1344 subosoure
543 1279 693 1364 explieat,
720 1302 847 1346 summa
868 1282 949 1346 haee
973 1287 1037 1346 est:
1061 1280 1118 1346 ‘di-

103 1367 285 1434 midiatum'
310 1373 360 1433 est
388 1367 482 1454 quasi
505 1367 757 1433 ‘dismediatum'
782 1375 814 1435 et
841 1370 877 1435 in
904 1370 1007 1456 partis
1037 1371 1117 1435 duas

77 1478 197 1542 tpares
216 1458 364 1542 divisum,
387 1455 615 1522 ‘dimidiatum'
635 1479 713 1544 ergo
736 1458 801 1523 nisi
823 1458 940 1545 ipsum,
963 1459 1050 1542 quod
1073 1459 1119 1523 di-

76 1547 210 1618 auisum
228 1551 287 1632 est,
305 1546 369 1612 1101
387 1546 467 1611 haut
486 1545 650 1631 eonvenit3
669 1547 862 1612 ‘dimidium'
880 1569 956 1612 vero
975 1552 1034 1632 est,
1051 1567 1119 1611 non

104 1636 191 1721 quod
217 1636 325 1722 ipsum
352 1635 557 1701 dimidiatum
587 1640 651 1720 est,
681 1637 737 1701 sed
767 1659 849 1721 quae
880 1657 919 1701 ex
948 1636 1116 1701 dimidiato
1133 1654 1158 1694 15

77 1745 178 1810 apars
207 1726 310 1791 altera
337 1729 395 1790 est,
446 1721 529 1789 Cum
559 1723 662 1811 igitur
688 1729 816 1809 partem
845 1725 1012 1790 dimidiam
1041 1725 1118 1788 libri

102 1814 221 1901 legisse
245 1816 395 1880 volumus
423 1813 529 1879 dioero
556 1818 614 1878 aut
640 1818 767 1899 partem
795 1813 962 1878 dimidiam
989 1813 1118 1878 fabulae

104 1904 245 1988 audisse,
269 1904 297 1967 si
320 1902 499 1967 ‘dimidiam
518 1900 674 1966 labulam’
700 1907 757 1966 aut
780 1901 962 1967 ‘dimidium
984 1901 1116 1967 librum'

103 1991 250 2076 dicimus,
272 2012 457 2077 peeoamus3
480 1994 589 2056 totum
612 1989 698 2055 enim
720 1989 838 2075 ipsum,
861 1991 948 2076 quod
973 1991 1119 2055 dimidia-

61 2100 94 2149 10
104 2084 175 2144 turn
199 2085 296 2164 atque
320 2079 459 2144 divisum
483 2083 541 2162 est,
565 2076 757 2143 ‘dimidium’
782 2079 871 2144 diois.
908 2079 1023 2164 ltaque
1046 2080 1118 2143 Lu·
1133 2097 1159 2137 ao

105 2168 221 2234 cilius
245 2168 357 2232 eadem
385 2173 529 2233 seoutus:

148 2291 231 2356 Vno
264 2291 389 2376 00010,
416 2290 537 2376 inquit,
563 2291 804 2392 pedibusque
833 2291 981 2356 duobus
1010 2291 1118 2356 dimi·

148 2469 199 2534 Vt
222 2466 380 2554 porcus,
692 2380 823 2445 dratus

105 2592 225 2658 etalio
249 2592 336 2658 loeo:
1133 2607 1159 2647 25

150 2716 314 2793 Quidni?
329 2721 367 2781 et
386 2721 519 2782 scruta
538 2716 692 2801 'quidem
710 2720 752 2780 ut
770 2716 910 2781 vendat
924 2712 1000 2802 (et)
1015 2736 1119 2779 seru·

692 2804 818 2869 tarius
840 2804 991 2886 laudat,

150 2893 416 2960 Praefractam
440 2888 654 2980 strigilemf,
682 2893 827 2957 soleam
854 2891 1042 2977 inprobus
1067 2890 1120 2954 di-

693 2980 901 3046 midiatam.

64 3107 178 3174 ulam
204 3106 245 3170 in
271 3104 458 3171 vicesimo
486 3103 692 3170 manifestius
720 3103 899 3169 ‘dimidiam
925 3102 1051 3167 horam'
1076 3103 1121 3167 di-
1135 3120 1161 3160 so

108 3217 179 3262 cere
203 3193 347 3259 studiose
369 3193 465 3280 fugit,
489 3193 544 3258 sed
562 3215 622 3279 pro
641 3191 798 3258 ‘dimidia’
816 3192 1008 3258 ‘dimidium'
1028 3191 1122 3276 ponit

97 3283 143 3348 in
164 3283 253 3350 hisee
276 3282 436 3353 versibus:

152 3407 399 3492 Tempestate
436 3429 505 3471 sua
539 3411 653 3492 atque
684 3405 814 3559 eotdlem
843 3428 918 3472 uno
949 3410 1121 3490 tempore

696 3517 713 3560 e
785 3517 872 3561 orae
