2392 3886
535 159 582 215 IV·
596 178 671 215 un
1048 158 1114 225 155

94 327 189 389 tunm
201 324 373 384 suaserunt
386 321 422 385 in
434 320 622 386 inferiorem
635 321 744 387 locum
755 343 925 407 perperam
933 323 1114 408 transponi,

95 431 195 496 quem
224 408 274 474 sol
305 410 459 494 oppositu
490 411 613 475 oiroum
641 410 784 496 undique
814 411 952 476 oliorum
985 412 1114 477 aedium

93 520 276 583 numquam
294 497 482 564 illustraret.
508 497 602 574 Quod
620 521 695 564 oum
711 499 760 564 ile
776 498 848 564 fieri
866 499 1140 584 persuadeamus

94 587 197 653 delati
220 587 261 652 sd
282 587 441 671 populum
463 587 648 672 proditique
667 592 745 653 sunt
762 593 805 674 el,
827 610 902 654 oum
920 589 960 653 de
978 589 1114 673 perfidie

65 675 239 742 soonfessi
257 680 376 761 essent,
393 676 501 741 neoeti
521 681 606 762 sunl,
625 676 848 763 constititque,
869 699 942 742 eum
960 679 1114 760 statuum,

94 764 232 850 proinde
259 770 298 829 ut
323 787 417 830 verse
446 765 589 830 rationes
618 771 696 851 post
718 770 904 851 compertae
926 766 1114 848 monebant,

94 855 133 919 in
154 854 264 918 loonm
287 853 411 918 editum
434 854 676 920 subducendam
698 859 796 941 elque
819 855 869 920 ile
888 855 925 919 in
947 876 1024 920 eree
1036 852 1113 918 Vol-

95 943 170 1008 cani
193 941 381 1007 sublimiore
404 943 477 1007 loeo
502 943 722 1029 statuendam
744 965 785 1009 ex
808 965 872 1030 quo
895 965 947 1009 res
969 944 1052 1010 bene
1075 965 1113 1009 so

54 1052 256 1186 „salli
271 1031 1139 1204 llllellllllillulffilllsllll⁶

96 1209 303 1294 dicatumque
326 1209 443 1294 fuerat,
465 1231 577 1275 versus
600 1210 654 1274 hie
674 1211 754 1276 soile
772 1210 879 1276 foelus
899 1215 1112 1296 cantatusque

96 1319 168 1362 esse
191 1319 211 1361 e
233 1297 343 1382 puen's
367 1298 447 1362 urbe
471 1302 543 1363 tots
565 1298 685 1363 fertur:

141 1421 283 1486 Malum
313 1422 523 1487 eonsilium
552 1423 773 1487 consultori
804 1423 1015 1508 pessimum
1045 1427 1112 1486 est.

163 1545 213 1610 Es
230 1544 370 1610 historio
388 1545 427 1609 de
447 1545 651 1630 aruspioibus
669 1567 707 1610 oo
725 1546 765 1611 de
783 1568 879 1612 versu
896 1547 963 1611 islo
983 1545 1139 1612 senerioo

52 1647 81 1690 1⁵
95 1634 219 1718 scripio
232 1633 336 1699 estin
350 1634 559 1699 annalibus
573 1634 768 1719 maximis,
785 1635 888 1699 libro
905 1634 1113 1718 undooimo‚

95 1728 130 1788 el
150 1722 191 1786 in
212 1720 327 1787 Verri
349 1723 483 1788 Flaooi
506 1722 609 1787 libro
632 1723 756 1808 primo
781 1744 909 1788 rerum
928 1723 1113 1787 memorie

95 1812 307 1897 dignarum.
352 1810 491 1876 Videtur
514 1815 624 1876 aulem
642 1833 754 1876 versus
777 1811 832 1877 hio
850 1811 889 1876 de
909 1809 1034 1875 Grueoo
1053 1810 1137 1876 illos

95 1899 263 1965 Hesiodi
286 1922 382 1965 versu
410 1922 596 1986 expressus:

141 2024 190 2087 Ἥ
210 2020 252 2090 δὲ
281 2025 378 2108 κακὴ
406 2025 530 2109 βουλὴ
562 2032 612 2112 τῷ
643 2023 910 2108 βουλεύσαντι
938 2025 1112 2107 κακίστη.

54 2285 82 2325 2⁰
574 2271 631 2336 VI.

94 2392 191 2448 Verba
208 2392 312 2448 veleris
332 2392 571 2447 senatusconsulti
594 2392 663 2461 site,
687 2409 743 2461 quo
762 2392 908 2447 decretum
930 2394 987 2459 est,
1009 2390 1112 2446 hostiis

130 2462 287 2518 maioribus
306 2462 490 2533 expiandum,
510 2463 588 2531 quod
605 2465 635 2517 in
654 2462 777 2517 seererio
796 2463 895 2517 haslae
914 2461 1036 2516 Martiae
1054 2478 1112 2516 mo·

130 2533 251 2599 vinens
266 2536 352 2602 elque
366 2531 407 2586 ibi
422 2535 593 2600 enarratum,
612 2534 680 2602 qnid
695 2533 752 2587 sint
767 2533 891 2587 ‘hostiae
905 2532 1113 2600 suooidnneee',

131 2603 201 2672 quid
218 2603 289 2658 ilem
308 2605 406 2673 ‘porea
423 2602 640 2674 preeoidsnee’3
659 2608 689 2658 el
702 2603 778 2673 quod
792 2602 894 2674 Cupito
908 2603 1008 2659 Ateius
1026 2602 1113 2658 feries

54 2689 82 2730 25
134 2674 360 2744 ‘praesideneas’
381 2673 546 2745 appellavit.

162 2800 210 2867 Vt
232 2801 366 2866 ‘terrem
389 2801 541 2866 movisse’
564 2800 710 2865 nuntiari
733 2800 818 2865 selei
840 2822 941 2885 eaque
964 2821 1017 2864 res
1039 2816 1138 2884 pro-1

95 2895 238 2975 cursim,
250 2890 299 2955 ils
311 2891 352 2954 in
360 2890 563 2955 veteribus
577 2888 776 2955 memoriis
792 2889 950 2974 scriplum
963 2887 1114 2974 legimus,

94 2979 282 3045 nuntiatum
310 3000 381 3044 osse
409 2978 550 3064 senatui,
577 2978 612 3042 in
641 2978 783 3044 saorerio
810 2977 846 3042 in
874 2977 966 3062 regie
989 2976 1113 3042 ‘hostes

95 3068 232 3132 Murtias
261 3066 423 3132 movisse'.
475 3067 556 3132 Eius
586 3066 634 3131 rei
664 3089 762 3132 oeuse
793 3066 1139 3131 senatusconsullum

56 3176 84 3215 30
97 3157 222 3222 facium
239 3161 291 3222 esi
314 3156 356 3220 M.
380 3155 526 3221 Antonio
548 3153 589 3219 A.
612 3154 783 3220 Postumio
806 3154 1008 3238 oonsulibus,
1030 3154 1113 3219 eius-

97 3268 158 3330 que
182 3244 365 3331 exemplum
387 3245 451 3309 hoe
474 3249 537 3309 est:
568 3242 674 3320 Quod
697 3241 732 3309 0.
755 3243 897 3327 Iulius,
925 3242 961 3307 L.
984 3242 1113 3327 filius,

95 3334 273 3418 pontifex
291 3332 504 3417 nuntiavit,
516 3331 556 3396 in
570 3332 744 3396 sacrario
764 3333 830 3414 [in]
850 3331 960 3417 regia
977 3330 1112 3396 hastas

95 3421 257 3488 Martias
284 3421 468 3506 movisse,
495 3421 538 3485 de
566 3443 609 3485 ee
636 3443 676 3484 ro
698 3421 755 3485 isa
779 3424 1027 3505 censuerunt,
1054 3419 1112 3484 uti

96 3510 138 3575 M.
162 3511 359 3576 Antonius
387 3510 523 3577 consul
549 3508 697 3575 hostiis
727 3509 943 3574 maioribus
966 3507 1052 3573 Iovi
1075 3513 1112 3573 el
