2356 3900
536 157 557 215 L
575 176 613 218 11·
1041 161 1083 227 57

62 329 178 390 tutum
204 322 306 388 fiebat
334 323 487 407 antiquae
515 321 705 424 disciplinae
731 328 801 388 tam
823 324 1016 409 probabile?
1043 346 1086 391 an

62 419 138 479 tum
166 417 200 477 et
223 412 327 498 gradu
354 411 506 477 clementi
529 416 562 476 ct
590 411 697 476 silent'
673 416 721 476 t10
749 416 800 478 est
823 433 919 498 opus,
947 436 1021 481 cum
1044 415 1084 480 ad

64 503 197 567 hostem
218 500 318 566 itur
307 522 345 564 m
362 505 538 586 conspectu
560 501 740 587 longinquo
763 502 877 586 procul
900 501 965 567 dist
950 505 1086 589 tantem,

66 614 142 657 cum
160 611 239 656 vero
257 610 359 675 prope
378 590 420 654 ad
437 611 552 655 manus
571 594 705 655 ventum
724 591 994 675 est,tum1ame
1013 613 1086 677 pro·

37 681 191 833 spincdquo
213 678 321 832 hqqtis
345 683 380 743 et
401 678 526 763 impetu
549 679 840 763 propulsandus
807 701 823 744 e
825 679 1000 744 tclamore
1023 685 1085 744 ter·

64 791 125 834 ren
146 791 187 833 us
210 790 245 832 es

132 858 220 923 Ecce
248 861 359 922 autem
385 878 443 941 per
469 855 618 921 tibicinia
639 855 802 922 Laconica
828 856 929 921 tibiae
958 875 1131 940 quoquero

62 946 155 1012 illius
172 944 393 1011 contionariae
412 945 448 1009 in
460 949 604 1010 mentem
623 945 721 1030 venit,
740 966 837 1029 quam
856 943 891 1010 Ο.
912 944 1085 1011 Graccho

64 1035 290 1120 cumpopulo
313 1038 431 1120 agente
452 1033 597 1119 praeisse
616 1055 653 1099 ac
676 1034 957 1119 praeministrasse
975 1035 1086 1100 modu·

25 1143 50 1183 ro
62 1125 114 1190 los
133 1123 255 1188 femnt.
293 1121 357 1187 Sed
374 1144 581 1207 nequaquam
598 1122 645 1188 sic
664 1127 723 1207 est,
745 1128 783 1188 ut
802 1146 822 1187 a
839 1123 938 1210 vulgo
957 1123 1085 1208 dicitur,
1096 1141 1129 1191 11

63 1234 183 1279 canere
206 1211 290 1277 tibia
313 1211 457 1298 solitum,
479 1212 535 1295 qui
558 1233 643 1295 pone
667 1233 741 1276 eum
763 1212 951 1297 loquentem
974 1217 1086 1298 staret,

63 1308 98 1368 et
120 1301 224 1367 variis
246 1301 352 1366 modis
379 1304 451 1365 tum
478 1301 659 1366 demulcere
688 1301 832 1366 animum
859 1301 1085 1386 actionemque

63 1391 147 1476 eius,
170 1395 242 1455 tum
259 1389 435 1454 intendere.
472 1388 556 1465 Quid
575 1390 662 1454 enim
684 1390 769 1455 foret
791 1390 857 1456 ista
874 1413 909 1454 re
932 1390 1085 1476 ineptius,
1096 1407 1129 1457 12

64 1481 104 1566 si,
126 1482 167 1543 ut
188 1478 354 1565 planipedi
376 1478 520 1564 saltanti,
542 1478 591 1544 ita
610 1477 782 1545 Graccho
807 1479 1010 1544 contionanti
1028 1501 1085 1542 nu-

23 1586 49 1628 re
62 1588 175 1634 meros
185 1572 219 1632 et
227 1568 343 1632 modos
354 1571 387 1632 et
400 1567 683 1652 frequentamenta
692 1569 851 1652 quaedam
858 1568 949 1633 varia
962 1568 1086 1633 tibicen

62 1656 248 1723 incineret?
294 1655 359 1722 Sed
386 1656 442 1740 qui
469 1656 532 1721 hoc
560 1657 757 1742 compertius
784 1657 960 1723 memoriae
987 1657 1129 1724 tradi-18

64 1747 185 1811 derunt
230 1745 361 1812 stetisse
391 1746 427 1809 in
456 1745 742 1811 circumstantibus
773 1746 885 1812 dicunt
918 1744 1086 1830 occultius,

64 1835 124 1920 qui
142 1797 255 1900 fisdula
267 1835 359 1900 brevi
378 1834 498 1900 sensim
517 1834 758 1921 graviusculum
777 1854 893 1899 sonum
911 1834 1085 1936 inspiraret

65 1925 108 1989 ad
127 1923 370 2008 reprimendum
387 1923 627 2006 sedandumque
645 1923 776 2008 inpetus
795 1923 885 1989 vocis
909 1923 978 1987 eius
997 1923 1087 1987 effer-

24 2035 51 2075 ao
64 2017 249 2079 vescentes·
241 2034 411 2099 ,namque
434 2013 567 2096 inpulsu
589 2013 653 2077 ct
644 2013 804 2078 instinctu
822 2016 976 2077 extraneo
994 2016 1132 2077 natu-14

64 2102 146 2168 ralis
168 2101 227 2168 illa
245 2101 410 2168 Gracchi
432 2101 636 2167 vehementia
653 2095 842 2188 indiguisse,
863 2123 939 2188 non,
962 2102 1087 2188 opinor,

66 2191 285 2258 existimanda
303 2195 362 2255 est
339 2189 442 2255 1Μ.
461 2195 572 2255 tamen
591 2187 726 2255 Gicero
749 2191 804 2256 fist
805 2192 875 2256 ulat
861 2196 967 2256 torem
984 2192 1086 2256 istum
1098 2205 1130 2254 15

64 2281 199 2365 utrique
221 2281 268 2344 rei
287 2280 471 2345 adhibitum
489 2301 559 2344 esse
582 2302 602 2343 a
621 2278 873 2345 Gracchot
813 2304 858 2365 pu
859 2285 918 2365 t,at
940 2283 978 2344 ut
997 2279 1085 2344 sonis

65 2375 139 2435 tum
167 2369 303 2454 placidis
333 2373 406 2434 tum
433 2369 543 2433 citatis
573 2373 630 2433 aut
660 2369 834 2434 demissam
862 2370 1086 2452 iacentemque

26 2458 252 2524 sacrationem
274 2457 344 2522 eius
363 2457 503 2543 erigeret
522 2461 578 2522 aut
596 2456 808 2524 ferocientem
826 2458 1086 2540 saevientemque

66 2547 245 2613 cohiberet.
282 2545 393 2611 Verba
415 2546 519 2630 ipsius
543 2543 747 2611 Ciceronis
772 2545 923 2631 apposui:
946 2545 1129 2628 Itaque1o

65 2637 168 2701 idem
193 2633 403 2720 Gracchus,
431 2635 532 2718 quod
553 2640 665 2719 potes
690 2636 837 2719 audire,
861 2632 1015 2720 Catule,
1043 2655 1086 2698 ex

65 2724 226 2790 Licinio
263 2724 408 2789 cliente
440 2728 521 2808 tue,
557 2723 739 2788 litterato
771 2724 939 2807 homine,
976 2744 1086 2806 quem
1162 2777 1166 2784 .

67 2835 222 2880 servum
252 2813 329 2877 sibi
360 2812 499 2877 habuit
529 2812 574 2876 ad
605 2835 770 2898 manum,
802 2834 885 2877 curn
917 2813 1087 2875 eburnea

28 2902 217 2969 assolitus
244 2905 305 2966 est
333 2900 475 2966 habere
504 2901 657 2986 fistula,
685 2901 749 2985 qui
778 2905 903 2966 staret
932 2900 1085 2965 occulte

65 2996 158 3077 post
180 2991 308 3076 ipsum
331 3011 414 3055 cum
437 2991 747 3074 contionaretur,
774 2989 942 3074 peritum
965 2988 1086 3054 homi-

66 3103 166 3165 nem,
199 3079 264 3163 qui
300 3079 463 3143 inflaret
500 3080 683 3144 celeriter
716 3101 798 3144 eum
836 3101 984 3160 sonum,
1021 3077 1086 3160 qui

65 3170 179 3234 illum
199 3173 266 3234 aut
279 3169 484 3233 remissum
503 3169 695 3233 excitaret
710 3172 775 3233 aut
795 3191 815 3233 a
833 3165 1086 3233 contentione

66 3262 279 3324 revocaret.

28 3365 53 3406 ³⁵
133 3347 262 3413 Morem
285 3351 395 3411 autem
417 3347 511 3411 illum
533 3345 734 3432 ingrediendi
758 3347 839 3410 adt
825 3344 998 3409 tibicinum
1021 3361 1088 3405 mo·
1098 3349 1131 3398 1⁷

67 3437 160 3502 dulos
184 3435 329 3540 proelii
319 3440 400 3501 mstr
388 3436 510 3500 itutum
529 3457 598 3499 esse
618 3459 637 3500 a
654 3433 916 3518 Lacedaemonis,
934 3430 1088 3495 Aristo-

67 3527 191 3592 teles
181 3547 222 3590 ιιι
236 3525 352 3589 libris
360 3525 582 3607 problemat
591 3547 637 3592 on
653 3524 800 3618 scripsit,
814 3485 1101 3614 quomamiestior
