2392 3886
127 146 170 211 60
553 145 573 201 l.
592 163 640 201 xu.
658 162 716 199 xm.

126 307 249 393 Virgo
279 306 457 372 Vestalis
490 329 613 392 neque
644 306 757 371 heres
790 310 850 371 est
880 306 1063 390 cuiquam
1090 307 1139 371 in·

126 401 293 482 testato,
320 418 444 481 neque
470 396 688 461 intestatae
712 395 931 481 quisquam,
958 395 1025 461 sed
1047 396 1139 461 bons

127 485 209 550 eius
228 485 268 549 in
285 485 487 569 publicum
505 485 632 571 redigi
651 485 770 549 aiunt.
802 484 845 548 Id
864 505 937 568 quo
956 484 1041 550 iure
1059 484 1138 570 fiat,

128 574 339 659 quaeritur.

83 688 116 737 19
194 662 347 728 ‘Amata'
376 663 463 726 inter
486 662 677 747 capiendum
701 684 721 726 a
742 661 897 745 pontifice
926 662 1071 727 maximo
1094 674 1164 747 ap⁵

126 751 281 838 pellatur,
312 751 466 836 quoniam
497 772 579 835 quae
607 751 714 836 prima
744 755 840 834 capta
869 753 920 815 est
942 751 1016 817 ·h0c
1046 751 1138 816 fuisse

126 862 247 906 nomen
269 841 427 905 traditum
451 844 509 905 est.

591 1015 683 1080 XIII.

129 1136 295 1204 Quaesitum
314 1152 375 1192 esse
394 1136 424 1191 in
437 1136 627 1207 philosophia,
647 1135 782 1205 quidnam
795 1135 870 1190 foret
887 1135 919 1190 in
935 1138 1054 1208 recepto
1072 1152 1138 1191 mau-

164 1208 232 1262 dato
251 1207 369 1276 rectius,
393 1208 460 1262 idne
479 1207 593 1264 omnino
611 1208 718 1274 facere,
743 1207 819 1276 qnod
841 1207 1010 1263 mandatum
1030 1211 1088 1279 est,
1108 1210 1164 1262 anll

163 1295 374 1347 nonnumquam
397 1278 485 1333 etiam
508 1281 618 1348 contra,
643 1278 668 1333 si
686 1278 717 1333 id
736 1295 832 1348 speres
855 1277 894 1348 ci,
918 1278 969 1348 qui
991 1278 1138 1345 mandavit

163 1349 264 1404 utilius
283 1350 356 1416 fore3
376 1365 516 1419 superque
535 1366 570 1404 ea
588 1349 755 1418 quaestione
773 1348 919 1419 expositae
938 1349 1071 1407 diversae
1088 1366 1138 1407 cen·

163 1420 281 1477 tentiae.

102 1575 116 1621 1
193 1549 234 1614 In
257 1547 375 1613 officiis
399 1547 573 1633 capiendis,
598 1547 765 1613 censendis
789 1546 1046 1634 iudicandisque,
1067 1567 1138 1633 quac

128 1636 386 1722 ‘ucdpxovco'
414 1636 604 1722 philosophi
628 1637 807 1722 appellant,
835 1636 947 1720 quaeri
972 1637 1072 1724 solet,
1097 1652 1165 1720 squ

126 1727 262 1814 negotio
276 1726 339 1791 tibi
354 1727 431 1791 dato
446 1730 479 1791 et
494 1726 571 1810 quid
586 1725 718 1790 omnino
732 1725 855 1790 faceres
871 1725 1016 1812 definito,
1035 1730 1140 1792 contra

128 1818 206 1901 quid
228 1817 335 1882 facere
355 1816 483 1900 debeas,
506 1815 534 1879 si
558 1835 596 1879 eo
619 1814 708 1879 facto
731 1814 834 1879 videri
856 1814 962 1898 possit
985 1836 1039 1879 res
1057 1836 1140 1880 even·

127 1912 203 1971 tura
225 1904 412 1991 prosperius
436 1924 538 1986 exque
561 1902 705 1968 utilitate
729 1903 808 1989 eius,
831 1902 942 1986 quiid
965 1902 1030 1967 tibi
1051 1898 1141 1990 uage

100 1995 211 2068 stium
234 1993 409 2058 mandavit.
446 1991 576 2077 Anceps
596 1990 744 2075 quaestio
768 1991 859 2055 etin
881 1995 1056 2075 utramque
1077 2012 1141 2078 par

101 2087 195 2158 atem
219 2104 239 2146 a
260 2080 476 2167 prudentibus
494 2080 573 2144 viris
593 2081 753 2145 arbitrata
776 2084 835 2145 est.
873 2077 956 2144 Sunt
976 2081 1065 2146 enim
1081 2093 1167 2146 nona

127 2171 233 2256 pauci,
257 2169 313 2254 qui
332 2168 528 2234 sententiam
553 2191 645 2233 suam
663 2192 729 2233 una
750 2169 786 2233 in
808 2173 901 2253 parte
920 2168 1093 2235 defixerint
1113 2173 1142 2236 et
1178 2232 1180 2245 ,

128 2282 163 2324 re
188 2259 287 2325 semel
315 2261 441 2322 statuta
464 2257 706 2341 deliberataque
734 2259 775 2322 ab
800 2278 852 2344 eo,
878 2258 971 2323 cuius
993 2258 1029 2324 id
1050 2278 1143 2346 nego

128 2349 212 2412 tium
226 2346 494 2433 pontificiumque
504 2350 600 2431 esset,
612 2367 818 2431 nequaquam
831 2346 1019 2431 putaverint
1034 2352 1143 2414 contra

128 2437 252 2501 dictum
275 2437 345 2500 eius
369 2458 439 2501 esse
462 2435 660 2521 faciendum,
683 2435 812 2501 etiamsi
834 2434 1024 2520 repentinus
1047 2435 1143 2522 aliqui

129 2548 222 2591 casus
242 2548 311 2591 rem
326 2525 527 2590 commodius
546 2524 601 2610 agi
614 2545 710 2609 posse
724 2525 943 2610 polliceretur,
959 2546 1011 2610 ne,
1031 2526 1059 2590 si
1073 2544 1142 2611 spes
1152 2536 1180 2582 θ·

128 2614 313 2699 fefellisset,
344 2613 440 2699 culpa
465 2613 679 2698 inpatientiae
706 2618 740 2678 et
766 2610 1143 2699 poena-indeprecabilis

101 2704 296 2774 rsubeuuda
319 2706 419 2787 esset,
444 2702 472 2767 si
495 2724 546 2767 res
570 2701 655 2766 forte
678 2702 794 2767 melius
817 2703 984 2787 vertisset,
1006 2703 1057 2768 dis
1080 2702 1144 2788 qui-

129 2793 202 2856 dem
221 2792 328 2878 gratia
345 2791 503 2877 habenda,
522 2791 577 2855 sed
596 2790 779 2874 exemplum
793 2795 903 2857 tamen
921 2791 1144 2857 intromissum

128 2881 300 2967 videretur,
318 2901 382 2965 quo
402 2881 484 2945 bene
503 2879 652 2944 consulta
671 2879 808 2944 consilia
825 2879 982 2966 religione
1001 2879 1144 2947 mandati

102 2970 538 3054 asolutacorrumperentur.
569 2967 637 3030 Alii
652 2966 1173 3055 existimaverimt,incommoda⁸0

127 3059 228 3145 prius,
251 3056 339 3143 quae*
360 3057 534 3123 metuenda
559 3059 677 3141 essent,
700 3056 728 3120 si
751 3078 803 3122 res
827 3062 921 3143 gesta
944 3057 1041 3122 aliter
1062 3058 1146 3124 foret

129 3170 227 3232 quam
244 3148 442 3232 imperatum
456 3149 516 3230 est,
535 3166 608 3209 cum
627 3143 847 3210 emolumento
867 3146 935 3231 spei
953 3147 1146 3230 pensitanda

128 3258 199 3302 esse
222 3241 265 3322 et,
288 3235 316 3300 si
340 3257 378 3299 ea
395 3233 519 3299 leviora
536 3233 736 3319 minoraque,
758 3234 884 3299 utilitas
904 3239 1014 3299 autem
1034 3241 1147 3302 contra

129 3325 260 3411 gravior
287 3328 319 3388 et
347 3322 487 3407 amplior
515 3342 571 3405 spe
600 3326 758 3405 quantum
781 3327 892 3407 potest
918 3324 1014 3388 firma
1042 3329 1147 3391 osten·

129 3415 268 3497 deretur,
285 3416 357 3476 tum
375 3431 472 3495 posse
491 3409 660 3474 adversum
679 3411 835 3475 mandata
852 3411 923 3476 fieri
942 3419 1177 3499 censuerunt!

127 3524 168 3566 ne
179 3500 291 3566 oblata
300 3499 456 3565 divinitus
466 3497 514 3562 rei
528 3498 610 3562 bene
625 3499 784 3583 gerendae
794 3501 921 3565 occasio
932 3501 1149 3590 amitteretur,
