2356 3900
558 138 661 196 Lm.
1071 141 1112 206 Π

162 301 280 368 Gracci
302 305 412 368 autem
440 300 678 387 significantius
702 303 987 389 consignatiusque
1012 327 1114 370 cossa·
1142 324 1159 374 8

88 393 219 458 tionem
245 391 346 456 istam
373 412 502 475 pugnae
525 388 700 475 pacticiam
723 390 935 476 ‘iuspecpc'cv'
963 393 1115 459 dixenmt

91 484 245 565 exempta
266 480 379 545 littera
401 501 467 544 una
484 479 612 544 sonitus
635 479 788 545 vastioris
807 485 841 545 et
863 481 993 546 subdita
1015 482 1115 547 lenio-

91 571 148 635 ris.
194 567 282 635 Nam
311 568 398 653 quod
421 589 460 632 eo
487 572 634 653 tempore
656 590 724 633 non
750 573 915 654 pugnetur
938 575 971 635 et
998 593 1113 636 manus
1142 589 1157 637 a

64 659 325 742 scohibeantur,
356 655 569 742 ‘dasxscpc'cv'
602 657 815 743 appellarunt.
871 656 935 724 Sed
966 659 1113 742 profecto
1125 676 1159 726 10

92 768 162 813 non
188 747 224 811 id
255 746 321 812 fuit
347 745 515 811 Varroni
545 746 729 833 negotium,
760 751 800 812 ut
829 747 973 812 indutias
1007 769 1115 832 super-

94 836 225 902 stitiose
248 835 399 900 definiret
417 838 450 899 et
473 834 601 921 legibus
620 835 867 919 rationibusque
891 836 1042 901 omnibus
1062 836 1115 900 de-

93 925 283 990 finitionum
303 923 483 989 inserviret.
525 921 613 989 Satis
637 923 724 989 enirn
742 924 849 989 visum
872 930 931 1010 est,
954 925 1156 991 eiusmodirr

93 1013 201 1078 facere
224 1012 550 1098 demonstrationem,
578 1013 665 1096 quod
693 1035 794 1099 genus
820 1013 935 1079 Gracci
958 1013 1112 1092 ‘edrone’

58 1121 83 1162 1⁰
94 1101 510 1255 mainidriiidiiiidyiiridrir’
523 1101 814 1274 quaarpul‘quwppp
815 1101 1024 1257 gsitl(iiiaitiiiiire
1047 1192 1099 1257 fao
1124 1207 1156 1254 1·›

93 1284 175 1365 turn,
192 1279 261 1345 iam
279 1279 334 1344 diu
348 1283 408 1364 est,
425 1302 500 1345 cum
519 1279 712 1363 quaerimus.
755 1277 818 1344 sed
832 1302 871 1344 ex
889 1280 1012 1365 multis,
1031 1296 1157 1364 quaero

93 1369 145 1434 vol
167 1368 318 1433 audimus
341 1368 393 1434 vel
415 1367 570 1454 legimus,
592 1367 795 1453 probabilius
818 1367 866 1453 id,
889 1369 977 1453 quod
999 1368 1114 1453 dicam,

93 1457 231 1523 videtur.
273 1455 444 1521 ‘indutias'
469 1457 516 1522 sic
539 1456 643 1523 dictas
662 1457 869 1542 arbitramur,
892 1457 985 1541 quasi
1008 1462 1046 1522 tu
1069 1457 1114 1522 di·
1125 1473 1158 1520 14

57 1564 80 1606 15
94 1568 149 1612 aas
174 1545 260 1610 ‘inde
283 1545 333 1610 uti
355 1544 442 1610 iam'.
487 1544 626 1611 Pactum
648 1546 848 1611 indutiarum
871 1546 1031 1611 eiusmodi
1054 1551 1114 1631 est,
1125 1561 1157 1610 15

93 1634 193 1700 utin
219 1634 305 1700 diem
327 1638 452 1700 certum
479 1655 546 1699 non
572 1639 737 1721 pugnetur
763 1634 910 1718 nihilque
937 1635 1114 1699 incommo-

94 1724 205 1808 detur,
232 1724 288 1789 sed
311 1745 350 1788 ex
373 1745 412 1788 eo
436 1722 487 1787 die
510 1728 626 1808 postea
648 1723 698 1788 uti
720 1723 787 1788 iam
811 1723 921 1787 omnia
942 1722 1021 1787 belli
1043 1723 1113 1787 iure

12 1866 15 1871 .
94 1817 245 1899 agantur.
290 1811 384 1888 Quod
405 1811 509 1897 igitur
532 1812 600 1877 dies
624 1816 731 1878 cortus
754 1811 947 1897 praefinitur
969 1814 1115 1896 pactum·
1126 1825 1158 1875 16

94 1922 159 1985 que
182 1901 235 1986 fit,
255 1903 294 1966 ut
317 1905 392 1966 ante
416 1922 491 1965 eum
514 1901 600 1966 diem
620 1923 662 1966 ne
684 1906 849 1987 pugnetur
873 1905 971 1983 atque
993 1899 1022 1964 is
1046 1899 1113 1964 dies

54 1990 152 2055 soubi
176 1989 265 2054 venit
289 1989 374 2054 ‘inde
396 1988 448 2054 uti
465 1989 543 2055 iam’
566 1994 741 2077 pugnetur,
762 1989 884 2055 idcirco
908 2011 947 2054 ex
969 1989 1021 2054 his
1046 1989 1114 2072 qui·

92 2080 157 2144 bus
182 2078 248 2143 dixi
266 2078 412 2163 vocibus,
434 2078 528 2161 quasi
550 2102 608 2164 per
632 2079 792 2163 quendam
815 2078 939 2144 coitum
962 2083 995 2144 et
1018 2101 1114 2164 copu-

93 2168 164 2233 lam
185 2189 306 2232 nomcn
328 2167 528 2232 indutiarum
552 2191 710 2233 conexum
734 2172 792 2233 est.

162 2255 346 2321 Aurelius
375 2260 486 2321 autem
513 2255 667 2341 Opilius
696 2256 736 2320 in
758 2256 883 2341 primo
910 2256 1159 2342 librorum,1⁷

89 2366 179 2431 ¹quos
197 2344 393 2410 Musarum
406 2345 584 2430 inscripsit,
601 2345 778 2410 indutiae
797 2345 905 2429 inquit
920 2344 1117 2428 dicuntur,

55 2454 181 2502 ascum
203 2434 339 2500 hostes
362 2435 465 2499 inter
488 2456 571 2499 sese
595 2435 789 2518 utrimque
812 2439 978 2518 utroque
998 2435 1116 2499 alteri

95 2525 143 2590 ad
171 2524 320 2589 alteros
347 2523 490 2609 inpune
519 2528 556 2588 et
585 2523 667 2588 sine
694 2545 823 2610 pugna
849 2523 999 2608 ineunt3
1028 2523 1116 2587 inde

95 2612 192 2679 adeo
211 2611 318 2697 inquit
335 2634 473 2678 nomen
490 2612 638 2678 factum
651 2611 820 2696 videtur,
839 2612 948 2696 quasi
962 2611 1117 2697 initiae,

93 2703 168 2768 hoo
193 2706 253 2767 est
275 2701 399 2766 initus
424 2707 539 2785 atque
560 2701 761 2766 introitus.
802 2700 876 2766 Hoc
895 2701 935 2765 ab
954 2700 1161 2765 Aureliors

96 2791 259 2877 scriptum
280 2795 453 2875 propterea
473 2812 541 2855 non
562 2791 730 2876 praeterii,
752 2813 792 2855 ne
816 2790 868 2855 oui
891 2789 1008 2853 harum
1030 2811 1118 2854 noc·

57 2880 196 2946 atium
224 2879 352 2945 aemulo
376 2890 419 2944 'eo
447 2884 577 2944 tantum
603 2879 735 2944 nomine
764 2878 945 2964 elegantius
972 2878 1006 2941 id
1033 2878 1118 2942 vide·

95 2974 198 3055 retur,
220 2973 390 3052 tamquam
411 2968 446 3033 id
467 2990 529 3034 nos
549 2968 709 3054 originem
732 2968 823 3033 verbi
846 2967 1047 3051 requirentes
1071 2967 1119 3030 fu-

97 3059 210 3145 gisset.
