2392 3886
416 115 780 175 cnrmvmnmavn.
1066 119 1111 186 33

157 287 244 348 VIII.
274 287 311 346 In
339 286 527 348 sermonibus
554 287 636 365 apud
661 304 796 347 mensam
817 286 911 348 'lauri
937 287 1110 365 philosophi

84 377 199 455 quaeri
225 375 397 454 agitarique
425 375 573 436 eiusmodi
599 375 703 436 solita:
738 369 804 436 ‘cur
835 376 936 437 oleum
963 395 1051 454 saepe
1079 382 1110 438 et

85 467 195 544 facile,
222 465 295 525 vina
320 464 421 525 rarius
447 460 672 543 congelascunt,
703 467 824 525 acetum
850 464 927 525 haut
953 465 1015 526 fere
1043 485 1108 525 nm-

87 549 196 632 quam'
229 558 261 614 et
288 548 382 631 ‘quod
412 572 509 630 aquae
541 553 704 615 fluviorum
734 553 924 631 fontiumque
953 554 1110 632 durantur,

88 663 174 704 murs
197 643 272 721 gelu
292 661 353 703 non
376 635 522 703 duretur'.

159 730 211 793 IX
243 731 289 793 De
312 731 392 792 notis
414 731 596 810 Mtterarum,
618 749 696 809 qnae
713 730 746 790 in
764 729 796 792 Ο.
816 729 953 792 Caesaris
971 731 1110 808 epistulis

90 821 301 899 reperiuntum
319 820 416 899 deque
434 821 503 881 aliis
516 819 711 880 clandestinis
724 819 836 881 litteris
849 839 887 880 ex
899 823 1000 880 vetere
1015 821 1108 882 histo·

90 911 139 972 ria
161 909 281 988 petitis3
304 912 336 969 et
358 909 432 986 qnid
454 907 583 986 σκυτάλη
607 909 647 969 sit
669 909 825 970 Laconica.

160 999 196 1058 X.
231 997 311 1069 Quid
336 997 372 1058 de
399 998 537 1059 versibus
559 997 688 1075 Vergilii
714 997 882 1057 Favorinus
910 998 1110 1076 existumant,

91 1087 205 1165 quibus
227 1087 260 1145 in
283 1086 476 1147 describenda
494 1086 656 1165 flagrantia
677 1087 788 1146 montis
810 1086 927 1146 Aetnae
945 1087 1111 1146 Pindarum
1175 1104 1180 1111 ·

91 1179 217 1253 poetam
243 1178 366 1236 secutus
393 1179 452 1253 ost3
485 1175 665 1252 conlataque
697 1175 734 1234 ab
765 1194 800 1234 eo
828 1193 919 1251 super
945 1175 1050 1235 eadem
1078 1195 1110 1234 re

91 1265 255 1342 utriusque
278 1264 411 1325 carmina
433 1267 465 1324 et
486 1264 629 1324 iudicata.

160 1353 213 1413 XL
246 1352 334 1423 Quod
355 1353 537 1414 Plutarchus
559 1353 591 1412 in
614 1353 699 1413 libris
722 1352 917 1430 symposiacis
941 1353 1111 1430 opinionem

91 1442 232 1503 Platonis
250 1441 287 1501 do
305 1443 412 1502 habItn
430 1444 522 1520 atque
545 1445 655 1501 natura
673 1442 820 1502 stomachi
838 1441 1018 1520 fistulaeque
1037 1442 1111 1519 eius,

92 1550 172 1610 quae
205 1535 322 1610 τραχεῖα
354 1531 478 1609 dicitur,
515 1531 675 1591 adversum
706 1530 926 1590 Erasistratum
961 1530 1111 1591 medicum

93 1624 217 1680 tutatus
230 1623 286 1698 ost,
305 1620 486 1680 auctoritate
500 1620 637 1680 adhibita
655 1619 773 1696 antiqui
786 1619 894 1678 medici
908 1619 1110 1695 HippocratIs.

162 1709 230 1769 XII.
253 1709 298 1769 Do
312 1709 446 1769 materiis
461 1708 633 1787 infamibus,
652 1726 728 1785 quas
742 1706 850 1767 (irasci
863 1703 990 1778 ἀδόξους
1008 1706 1110 1782 appel-

94 1799 170 1876 lant,
193 1816 212 1857 a
234 1798 384 1859 Favorino
407 1798 564 1858 exercendi
586 1797 686 1876 gratia
709 1795 880 1871 disputatis.

161 1886 244 1947 XIII
274 1881 376 1958 ‘Quin’
393 1887 545 1963 particula
562 1889 638 1965 quot
655 1885 820 1963 qualesque
838 1882 1000 1944 vanemtes
1020 1882 1112 1960 signi·

93 1975 245 2037 ficationis
271 1976 382 2037 babeat
410 1979 442 2035 et
469 1995 560 2053 quam
587 1994 676 2051 saepe
701 1974 733 2034 in
756 1976 894 2033 veterum
916 1971 1036 2048 scriptis
1060 1971 1111 2031 ob·

93 2083 184 2126 scura
209 2064 258 2125 sit.

160 2152 242 2213 XIV.
275 2152 447 2212 Sententiae
471 2172 508 2213 ex
529 2152 642 2212 Publili
669 2152 769 2211 mimis
792 2153 920 2211 selectae
943 2149 1113 2227 lepidiores.

160 2242 227 2301 XV.
260 2241 347 2312 Quod
365 2241 533 2302 Carneades
550 2241 747 2302 Academicus
770 2241 902 2301 elleboro
925 2238 1113 2299 stomachum

93 2331 241 2410 purgavit
259 2331 426 2406 scripturus
444 2331 588 2392 adversus
607 2331 734 2390 Zenonis
752 2329 846 2390 Stoici
864 2329 998 2405 decreta3
1017 2327 1113 2403 deque

93 2424 207 2480 natura
228 2419 417 2496 medellaque
440 2420 564 2480 ellebori
587 2419 707 2478 candidi
730 2421 762 2477 et
784 2417 872 2496 nigri.

160 2507 244 2568 XVI.
279 2508 395 2569 Anates
417 2509 558 2569 Ponticas
581 2508 644 2568 vim
665 2508 775 2567 habere
798 2506 920 2566 venenis
943 2502 1114 2581 digerendis

93 2598 265 2674 potentem3
283 2601 375 2675 atquo
393 2597 468 2656 inibi
486 2597 523 2657 de
540 2596 691 2657 Mitridati
708 2596 789 2673 regis
806 2595 838 2654 in
856 2594 888 2653 id
906 2611 1001 2672 genus
1020 2590 1113 2651 medi·

93 2688 270 2747 camentnm
292 2686 436 2746 sollertia.

162 2773 258 2833 XVII
294 2775 494 2852 Mitridatem,
526 2774 617 2834 Ponti
643 2792 758 2851 regem,
790 2772 920 2831 duarum
947 2773 978 2830 et
1005 2769 1115 2847 viginti

91 2864 236 2943 gentium
256 2863 370 2942 liugnis
388 2864 538 2940 locutum3
562 2862 767 2939 Quintumque
786 2859 920 2920 Ennium
941 2858 1002 2918 tria
1024 2858 1115 2918 corda

91 2953 207 3013 habere
230 2970 295 3013 sese
318 2952 437 3032 dixisse,
460 2951 540 3031 quod
563 2951 618 3012 tris
641 2951 762 3030 linguas
781 2947 998 3027 percallmsset,
1022 2946 1114 3007 Grae-

91 3039 567 3200 camXMIIImIlnIdthnIIarro
591 3127 622 3188 Ο.
643 3127 832 3205 Sallustium,
854 3124 998 3185 historiae
1022 3123 1114 3200 scrip·

89 3223 203 3291 torem,
227 3218 446 3296 deprehensum
469 3218 506 3278 ab
527 3218 627 3278 Annio
649 3217 761 3278 Milone
784 3215 816 3274 in
838 3214 988 3275 adulterio
1012 3212 1115 3272 scribit

89 3311 125 3369 et
149 3308 225 3368 loris
249 3327 371 3368 caesum
392 3308 579 3385 pecuniaque
603 3307 675 3366 data
698 3305 863 3366 dimissum.

163 3397 243 3458 XIX.
282 3397 361 3469 Quid
388 3398 546 3474 Epictetus
578 3395 776 3472 philosophus
808 3393 906 3452 dicere
938 3391 1046 3452 solitus
1077 3389 1117 3448 sit

89 3488 271 3547 hominibus
303 3506 433 3564 nequam
464 3490 496 3545 et
531 3485 660 3562 inpuris,
698 3482 872 3558 disciplinas
908 3478 1115 3556 philosophiae

151 3596 266 3637 aalma.
942 3585 954 3603 0
