2392 3886
107 125 171 189 116
493 123 527 179 II.
542 143 625 181 xxvia
640 142 734 179 ravin.

106 292 209 371 caret,
233 286 363 350 ‘nonne’
391 285 498 369 inquit
521 285 621 350 ‘ultra
646 290 784 351 naturae
811 286 976 353 humanae
998 288 1119 353 modun

107 381 167 460 est,
189 376 478 441 dehonestamento
498 374 644 460 corporis
666 374 806 441 laetari?
824 374 988 459 siquidem
1006 376 1120 443 laetitia

107 465 226 531 dicitur
256 463 415 529 exultatio
447 464 606 548 quaedam
638 463 739 529 animi
771 463 891 550 gaudio
925 465 1121 532 efferventior

80 559 225 619 seventu
248 576 356 618 rerum
379 553 604 637 expetitamm
651 551 781 628 Quanto
804 552 887 618 illud
909 553 1121 639 sinceriusque

108 648 141 710 et
160 643 310 709 humanis
329 642 434 729 magis
458 641 641 707 rationibus
660 641 868 709 conveniens:
891 651 971 708 πᾶν
989 643 1010 709 ὅ
1028 668 1064 709 τι
1084 642 1122 709 dv
1141 667 1150 708 s

107 735 333 817 βουληθείη
361 729 479 814 μέρος
501 730 522 813 ἡ
550 730 645 815 τύχη
669 738 739 796 τοῦ
762 731 943 815 σώματος
968 731 1123 817 παρελέ-

82 828 220 904 οσθαι,
258 829 375 885 τοῦτο
406 818 657 904 προιέμενον.
712 817 837 894 Quibus
870 819 995 887 verbis'
1028 820 1124 907 inquit

108 909 306 975 ‘ostenditur
324 907 506 994 Philippus,
527 929 604 992 non,
621 912 659 973 ut
678 905 852 994 Sertorius,
870 911 1021 995 corporis
1039 910 1123 976 deho

108 1002 314 1064 nusiamento
338 998 453 1083 laetus,
476 997 562 1081 quod
581 996 643 1062 est’
667 997 775 1081 inquit
799 996 956 1064 ‘insolens
975 1004 1011 1065 et
1033 1000 1123 1065 inmo

110 1088 232 1173 dicum,
260 1091 310 1151 set
332 1108 410 1171 prae
434 1086 543 1151 studio
570 1085 676 1151 laudis
700 1090 732 1152 et
754 1086 905 1174 honoris,
931 1088 1152 1155 iacturarumu

110 1177 367 1259 damnorumque
391 1176 536 1261 corporis
555 1179 770 1261 contemptor,
793 1176 849 1260 qui
869 1177 1022 1264 singulos
1045 1182 1124 1245 artus
1167 1180 1169 1237 l

111 1286 188 1330 suos
207 1264 356 1329 fortunae
375 1265 593 1351 prodigendos
607 1265 699 1331 daret
714 1269 852 1349 quaestu
871 1271 971 1351 atque
987 1289 1125 1354 compen·

111 1354 165 1418 dio
190 1353 388 1440 gloriarum?

544 1494 698 1560 XXVIII.

110 1616 175 1671 Non
194 1632 254 1670 esse
275 1616 458 1686 compertum,
477 1615 535 1742 cuit
542 1616 595 1671 deo
614 1632 674 1670 rem
688 1615 816 1742 dtivinam
832 1616 895 1673 fieri
909 1622 1050 1688 oporteat,
1069 1626 1150 1674 cuma

536 1704 599 1742 erra
616 1703 698 1742 move
714 1732 720 1743 .

86 1808 101 1855 1
179 1797 345 1874 Quaenam
373 1819 443 1862 esse
472 1819 569 1862 causa
596 1796 758 1883 videatur,
786 1798 1002 1882 quamobrem
1029 1806 1125 1865 terrac

110 1893 268 1953 tremores
295 1888 390 1971 fiant,
417 1907 485 1950 non
507 1887 605 1951 modo
632 1884 684 1950 his
708 1887 936 1953 communibus
964 1888 1126 1955 hominum

111 1976 261 2041 sensibus
281 1975 554 2059 opinionibusque
573 1980 787 2061 compertum,
810 1976 867 2041 sed
885 1998 927 2042 ne
949 1976 1039 2043 inter
1055 1978 1126 2064 phy·

111 2065 195 2130 sicas
219 2063 349 2147 quidem
376 2062 601 2148 philosophias
625 2064 705 2129 satis
729 2064 892 2149 constitit,
919 2071 1151 2133 ventorumncs

111 2152 143 2216 vi
176 2151 324 2217 accidant
356 2174 471 2236 specus
503 2153 677 2237 hiatusque
710 2158 816 2219 terrae
846 2153 1061 2221 subeuntium
1090 2176 1127 2221 au

112 2263 268 2325 aquarum
288 2240 400 2304 subter
423 2241 458 2305 in
480 2246 642 2306 terrarum
661 2242 748 2306 cavis
767 2242 962 2307 undantium
986 2244 1127 2330 pulsiha

111 2329 343 2414 fluctibusque,
368 2329 416 2393 ita
439 2331 488 2395 uti
511 2331 662 2395 videntur
685 2329 889 2396 existimasse
912 2330 1127 2417 antiquissimi
1165 2296 1169 2405 i,

112 2418 321 2501 Graecorum,
344 2418 400 2501 qui
419 2417 610 2503 Neptunum
635 2419 853 2504 ‘oscoixtovc'
878 2420 1128 2507 appellaverunt,
1167 2428 1169 2469 Ι

112 2530 154 2574 an
177 2506 269 2572 cuius
293 2507 375 2571 aliae
405 2508 452 2571 rei
476 2530 574 2573 causa
597 2507 771 2573 alteriusve
798 2508 851 2574 dei
873 2509 906 2575 vi
929 2531 969 2576 ac
992 2484 1169 2615 ruminas}

110 2596 256 2661 nondum
289 2595 402 2681 etiam,
434 2596 530 2662 sicuti
561 2596 716 2682 diximus,
747 2618 807 2681 pro
841 2601 930 2663 certo
965 2600 1128 2667 creditum.
1167 2622 1169 2651 ⁵

85 2685 291 2770 aPropterea
309 2690 434 2750 veteres
453 2685 604 2770 Romani,
627 2707 702 2752 cum
724 2685 760 2749 in
778 2686 931 2751 omnibus
954 2687 1031 2754 aliis
1048 2689 1129 2755 vitae
1167 2662 1169 2733 i

113 2773 240 2859 officiis,
262 2779 334 2839 tum
356 2774 392 2838 in
410 2773 646 2841 constituendis
670 2774 884 2861 religionibus
904 2780 1004 2860 atque
1026 2777 1065 2843 in
1085 2776 1128 2843 dis
1167 2804 1169 2825 =

112 2863 342 2928 inmortalibus
361 2863 655 2929 animadvertendis
678 2863 855 2928 castissimi
878 2864 1129 2951 cautissimique,
1167 2932 1169 2941 ,

112 2952 170 3017 ubi
193 2957 314 3017 terram
333 2952 474 3017 movisse
498 2956 667 3017 senserant
685 2952 913 3018 nuntiatumve
932 2959 1014 3040 erat,
1037 2954 1156 3021 ferias»

113 3041 182 3105 eius
206 3040 253 3105 rei
277 3062 374 3105 causa
397 3041 503 3107 edicto
526 3041 745 3126 imperabant,
772 3042 828 3107 sed
850 3041 902 3107 dei
925 3063 1063 3131 nomen,
1088 3045 1130 3110 ita

113 3130 163 3194 uti
187 3129 280 3213 solet,
302 3129 354 3194 cui
378 3129 499 3194 servari
522 3129 620 3194 ferias
644 3135 819 3216 oporteret,
846 3135 992 3197 statuere
1015 3137 1052 3198 et
1073 3132 1130 3199 edi·

114 3241 186 3285 cere
215 3216 438 3303 quiescebant,
464 3240 505 3283 ne
529 3219 630 3283 alium
652 3241 712 3303 pro
736 3219 801 3285 alio
823 3219 1024 3287 nominando
1054 3221 1130 3289 falsa

88 3308 271 3394 areligione
294 3306 453 3391 populum
476 3307 656 3394 alligarent.
702 3307 768 3373 Eas
795 3308 894 3374 ferias
918 3308 946 3373 si
970 3310 1047 3393 quis
1069 3310 1131 3415 pol·

114 3397 230 3461 luisset
255 3395 450 3481 piaculoque
474 3397 516 3461 ob
543 3397 628 3464 hanc
655 3419 724 3461 rem
749 3419 830 3482 opus
859 3402 959 3481 esset,
991 3398 1159 3469 hostiens

107 3485 147 3552 ‘si
159 3488 231 3577 deo,
251 3486 282 3555 si
298 3486 391 3556 deae'
410 3486 643 3573 immolabant,
655 3486 818 3569 idqueita
829 3508 872 3549 ea
881 3487 1011 3553 decreto
1030 3489 1131 3575 ponti·
