2356 3900
473 108 494 160 Ι.
513 126 591 163 xxm.
610 126 683 165 xx1v.
1047 105 1088 170 75

64 271 162 334 esset.
200 267 273 334 Hoc
291 267 349 333 illa
362 268 419 332 ubi
438 269 571 355 audivit,
590 269 716 335 animus
736 269 1142 355 compavescit,d0mos.10

65 357 234 442 trepidans
255 356 429 443 egreditur,
451 359 492 423 ad
511 362 634 424 ceteras
654 363 819 423 matronas
841 358 982 440 [adfert].
1012 357 1086 424 Per-

66 445 156 510 venit
183 446 224 510 ad
252 449 402 511 senatum
424 447 582 532 postridie
610 452 753 512 matrum
779 447 920 512 familias
948 451 1086 512 caterva.

68 533 292 600 Lacrimantes
321 538 420 618 atquo
448 536 655 601 obsecrantes
683 540 792 619 orant,
819 559 884 600 una
910 535 1020 619 potius
1050 540 1087 600 ut

43 623 195 688 sduobus
217 627 322 710 nupta
344 624 437 689 fieret
461 647 558 708 quarn
576 628 613 690 ut
636 625 692 689 uni
711 626 801 690 duae.
844 623 1017 690 Senatores
1040 624 1128 692 iri-11

68 713 252 799 gradientes
275 712 471 797 incuriam,
500 712 661 798 quasilla
684 714 856 779 mulierum
879 713 1086 798 intemperies

68 805 100 866 et
122 801 202 886 quid
220 801 284 866 sibi
302 801 482 887 postulatio
505 802 607 868 istaec
625 803 732 888 vellet,
754 803 965 869 mirabantur.
1001 800 1088 866 Puer
1099 819 1131 870 12

66 889 218 976 Papirius
248 890 284 954 in
311 890 455 956 medium
489 891 597 961 curiae
628 913 835 978 progressus,
874 891 952 976 quid
983 894 1088 956 mater

67 979 178 1044 audire
200 978 387 1065 institisset,
410 980 487 1064 quid
508 980 579 1066 ipse
604 981 704 1046 matri
726 980 874 1066 dixisset,
896 1003 979 1065 rem,
1002 980 1087 1046 sicut

35 1067 183 1153 aluerat,
205 1069 366 1134 denarrat.
409 1067 547 1135 Senatus
570 1070 667 1135 fidam
687 1074 785 1154 atque
803 1070 972 1157 ingenium
993 1069 1130 1155 puerile

65 1157 288 1242 exosculatur,
317 1158 503 1223 consultum
529 1158 623 1245 facit,
652 1159 701 1224 uti
728 1159 866 1244 posthac
895 1159 988 1245 pueri
1012 1181 1086 1224 cum

63 1245 216 1330 patribus
239 1246 416 1312 incuriam
437 1269 478 1312 ne
496 1247 671 1334 introeant,
693 1252 823 1334 praeter
845 1248 900 1312 ille
923 1270 1007 1312 unus
1026 1247 1085 1312 Pa-

62 1334 962 1509 tttdtssttttttitbttttlttlttt
976 1337 1085 1490 stt}

23 1533 48 1574 rs
61 1516 253 1598 praetextae
274 1514 488 1599 prudentiam.
526 1515 552 1619 )
851 1448 872 1510 q

511 1727 630 1793 XXIV.

62 1845 133 1902 Tria
160 1823 367 1928 epigrammata
393 1847 480 1901 trium
501 1849 629 1902 veterum
651 1849 813 1916 poetarum,
838 1844 954 1912 Naevii,
977 1844 1081 1911 Plauti,

102 1915 230 1985 Pacuvir¹
249 1934 322 1986 quaa
340 1919 418 1972 facta
436 1919 473 1973 ab
491 1916 562 1989 ipsis
581 1917 717 1987 sepulcris
737 1934 834 1974 eornm
852 1915 943 1972 incisa
962 1919 1036 1971 sunt.

132 2043 246 2109 Trium
274 2050 445 2129 poetarum
474 2045 662 2110 inlustrium
691 2044 987 2130 epigrammata,
1020 2041 1081 2109 On.
1112 2057 1125 2106 ι

22 2132 219 2216 soNaevii‚
245 2132 393 2220 Plauti,
420 2134 462 2199 M.
486 2134 660 2219 Pacuvii,
689 2155 770 2217 quae
793 2133 857 2218 ipsi
880 2133 1027 2199 fecenmt
1050 2137 1083 2198 et

60 2222 235 2287 incidenda
262 2223 409 2308 sepulcro
434 2245 493 2289 suo
521 2223 736 2308 reliquerunt,
762 2221 946 2288 nobilitatis
970 2244 1082 2287 eorum

62 2310 173 2398 gratia
204 2315 238 2375 et
268 2312 448 2378 venustatis
480 2312 651 2378 scribenda
685 2312 722 2376 in
756 2311 808 2376 his
841 2311 1082 2377 commentariis

61 2422 135 2466 esse
157 2399 244 2464 duxi.

130 2487 344 2574 Epigramma
373 2487 494 2555 Naevi
525 2490 658 2575 plenum
688 2488 858 2573 superbiae
889 2486 1083 2573 Campanae,
1111 2510 1126 2557 2

23 2604 48 2646 a
61 2578 152 2662 quod
175 2578 401 2643 testimonium
424 2601 493 2644 esse
516 2578 640 2645 iustum
662 2577 834 2663 potuisset,
857 2576 921 2642 nisi
945 2579 986 2643 ab
1009 2578 1082 2662 ipso

61 2667 188 2733 dictum
211 2670 309 2733 esset:

106 2844 346 2909 Inmortales
370 2845 556 2910 mortales
581 2841 616 2908 si
636 2844 740 2909 foret
763 2843 821 2907 fas
845 2843 957 2927 flere,

105 2932 268 2998 Flerent
291 2933 402 2999 divae
424 2931 611 2999 Oame‘nae
634 2931 825 2999 Naevium
848 2933 1009 3016 poetam.

105 3022 247 3106 ltaque
260 3023 466 3107 postquam
481 3027 540 3088 est
555 3007 671 3086 Orchi
690 3021 865 3085 traditas
881 3020 1082 3102 thesadro,

24 3137 48 3178 so
104 3109 235 3177 Obliti
259 3114 350 3176 sdnt
372 3111 515 3178 Romae
539 3110 693 3194 loquie'r
714 3110 850 3196 linguai
873 3106 1022 3173 Latina.

126 3288 344 3374 Epigramma
362 3288 505 3373 Plauti,
525 3289 612 3372 quod
630 3287 869 3353 dubitassemus
889 3308 932 3350 an
949 3284 1087 3350 Plauti·
1110 3303 1126 3351 3

59 3376 156 3464 foret,
177 3376 245 3442 nisi
268 3400 288 3442 a
309 3376 352 3442 M.
376 3377 549 3444 Varrone
572 3377 717 3463 positum
741 3380 827 3442 osset
849 3375 889 3439 in
911 3373 1014 3438 libro
1039 3374 1082 3438 de

58 3466 192 3554 poetis
216 3466 354 3551 primo:
