2392 3886
576 108 694 193 nm.
1076 137 1140 204 1oa

117 299 208 365 enim
231 298 282 364 sol
303 320 372 365 non
392 299 535 365 indidem
554 321 696 386 semper,
712 301 769 365 sed
787 305 844 366 aut
868 299 1139 385 ‘aequinoctialis’

116 387 229 452 oriens
244 387 374 473 dieitur,
386 410 461 454 cum
473 389 511 453 in
523 389 645 454 circulo
659 390 770 473 currit,
789 390 845 473 qui
859 390 1042 475 appellatur
1056 389 1139 474 ‘loq-

116 475 278 562 pepwds',
300 481 359 542 aut
383 477 579 543 solstitialis’
604 480 626 561 [,
635 483 693 543 aut
716 477 912 559 ‘brumalis’l
919 530 927 562 ,
951 500 1032 562 quae
1061 483 1138 543 sunt

118 563 268 649 ‘deprecat
285 565 433 649 camd,
457 571 514 631 aut
533 565 725 650 ‘brumalis',
747 588 830 651 quae
849 572 927 632 sunt
945 565 1138 652 ’χειμεριναὶ

85 654 261 737 avooml’.
301 652 387 720 Item
404 654 492 720 eadit
511 654 560 719 sol
577 675 645 720 non
662 655 698 719 in
714 654 853 721 eundem
872 677 998 740 semper
1020 655 1164 723 locume

108 738 174 806 Fit
194 741 282 807 enim
304 742 456 809 similiter
474 764 609 809 occasus
627 743 697 809 eius
716 748 773 809 aut
797 743 1057 828 ‘aequinoctialis
1080 749 1137 808 aut

116 829 403 896 ‘solstitialia-aut
417 831 607 898 ‘brumalis’.
639 831 702 908 Qui
712 838 828 897 ventus
842 833 946 919 igitur
955 832 996 898 ab
1012 833 1162 898 oriente?

114 939 234 1002 verno,
261 919 296 983 id
322 925 374 985 est
395 920 641 1005 aequinoctiali,
669 921 773 1005 venit,
794 921 983 987 nominatur
1007 921 1139 1005 ‘eurus’,

114 1006 198 1072 ficto
221 1009 395 1091 vocabulo,
416 1014 455 1073 ut
476 1009 535 1073 isti
558 1007 788 1092 ἐτυμολογικοὶ
810 1010 916 1094 aiunt,
939 1010 970 1077 ‘d
993 1009 1058 1076 ἀπὸ
1080 1019 1138 1093 τῆς

70 1117 102 1159 ιο
115 1095 202 1178 ἠοῦς
228 1094 336 1182 diov'.
381 1096 415 1162 Is
443 1097 507 1163 alio
536 1118 664 1181 quoque
687 1120 707 1163 a
730 1097 862 1164 Graecis
884 1099 1016 1164 nomine
1039 1098 1163 1182 ‘deq-e

114 1183 261 1269 hdcqe',
286 1183 444 1251 Romania
466 1185 609 1251 mutieia
636 1185 854 1253 ‘subsolanus'
877 1188 1136 1274 cognominatur.

115 1269 183 1337 Sed
211 1273 268 1357 qni
288 1273 332 1338 ‘ab
356 1274 480 1339 aestiva
504 1279 538 1340 et
566 1274 735 1339 solstitiali
762 1275 897 1341 orientia
925 1282 1014 1342 meta
1037 1276 1163 1360 venite

113 1359 236 1426 Latine
260 1361 404 1447 ‘aquilo',
426 1360 567 1446 ‘dociae'
588 1361 710 1429 Graeca
729 1363 857 1447 dicitur,
879 1387 1018 1450 eumque
1041 1386 1137 1449 prop

115 1453 209 1514 terea
236 1450 369 1532 quidam
396 1451 508 1516 dieunt
535 1452 577 1516 ab
600 1451 766 1517 Homero
794 1452 1058 1538 ‘altpqyrvirqv'
1083 1476 1137 1538 ap

72 1557 101 1601 aa
113 1537 290 1624 pellatnm3
307 1539 441 1604 boream
459 1544 569 1605 autem
582 1545 701 1625 putant
719 1541 843 1607 dictum
861 1541 938 1606 ‘ouo
956 1551 1014 1625 τῆς
1031 1543 1136 1626 βοῆς’,
1154 1608 1163 1623 ,

115 1626 275 1710 quoniam
296 1626 341 1692 sit
359 1627 494 1693 violenti
518 1629 616 1694 flatus
639 1634 673 1694 et
696 1630 816 1695 sonori.
861 1630 991 1695 Tertius
1010 1635 1182 1715 ventua,1o

115 1715 175 1798 qui
193 1715 235 1780 ab
254 1714 379 1781 oriente
396 1715 533 1782 hiberno
552 1717 655 1802 spirat
667 1717 914 1783 -‘volturnum’
928 1717 1070 1783 Romani
1083 1739 1138 1783 vo·

115 1808 194 1869 cant
211 1840 248 1889 -,
266 1825 341 1869 eum
358 1804 504 1890 plerique
523 1804 640 1872 Graeci
658 1807 762 1872 mixto
780 1807 922 1891 nomine,
943 1806 1031 1890 quod
1050 1806 1137 1872 inter

114 1897 236 1958 notum
257 1897 292 1957 et
314 1915 429 1959 eurum
451 1895 510 1979 sit,
530 1894 742 1982 '‘edoovotov'
766 1895 940 1981 appellant.
985 1894 1031 1958 Hi
1059 1900 1135 1960 sunt
1149 1911 1179 1958 ιι

72 2001 101 2043 ao
113 1981 220 2067 igitur
232 1985 301 2046 tres
314 1983 405 2047 renti
418 1983 605 2049 orientales:
620 1983 764 2068 ‘aquilo’,
781 1983 987 2068 ‘volturnua',
1005 1983 1136 2066 ‘eurus',

114 2090 256 2154 quorum
278 2071 405 2136 medius
432 2093 528 2137 eurus
552 2077 631 2137 est..
656 2071 718 2137 His
742 2073 886 2158 oppositi
917 2078 949 2138 et
977 2075 1133 2139 contrarii
1146 2087 1178 2135 12

114 2163 194 2223 sant
223 2158 280 2223 alii
309 2163 377 2225 tres
408 2161 546 2226 occidui:
576 2160 727 2245 ‘caurus',
756 2183 853 2246 quem
882 2162 989 2227 solent
1020 2160 1136 2229 Graeci

113 2247 280 2333 appellere
303 2247 503 2332 ‘dpyaorqv’:
525 2250 555 2314 is
579 2249 733 2314 adversus
752 2251 936 2334 aquilonem
960 2250 1033 2336 flat3
1055 2252 1135 2316 item

114 2336 199 2401 alter
229 2334 418 2421 ‘favonius’,
447 2338 503 2422 qui
527 2335 649 2403 Graece
680 2337 820 2424 ζέφυρος
846 2344 996 2405 vocatur:
1025 2341 1054 2405 is
1083 2341 1135 2405 ad-

75 2440 230 2489 uversus
253 2446 368 2491 eurum
395 2426 467 2510 flat3
496 2426 614 2491 tertius
638 2425 793 2511 ‘africus',
816 2428 872 2512 qui
896 2426 1019 2494 Graece
1043 2428 1135 2504 ‘tiq’z

114 2513 172 2594 [is]
192 2512 351 2578 adversus
367 2514 555 2579 volturnum
574 2514 662 2580 facit.
703 2515 870 2581 Haeduae
888 2515 1039 2602 regiones
1053 2515 1134 2581 caeli
1147 2529 1180 2578 la

114 2601 253 2667 orientis
276 2601 517 2687 occidentisque
544 2603 629 2668 inter
656 2625 727 2670 aeae
755 2604 908 2670 adversae
931 2627 988 2670 sex
1014 2605 1135 2670 habere

112 2694 233 2757 uentos
250 2689 409 2756 ridentur.
445 2691 597 2757 Meridies
616 2697 736 2777 autem,
755 2693 909 2776 quoniam
928 2697 1017 2758 certo
1037 2699 1134 2778 atque
1147 2704 1180 2753 14

112 2778 181 2843 fixo
198 2778 306 2844 limite
324 2783 502 2863 estunam
521 2779 722 2846 meridialem
739 2788 873 2847 ventum
892 2782 1005 2847 hebet:
1027 2782 1057 2846 is
1075 2782 1137 2846 la-

75 2867 183 2932 aeine
209 2867 356 2952 ‘auster',
381 2866 503 2934 Graece
529 2867 648 2946 ‘votos'
674 2870 877 2954 nominatur,
906 2870 1061 2954 quoniam
1085 2874 1135 2935 est

112 2956 293 3022 nebulosus
322 2961 420 3041 atque
447 2962 610 3043 umectus3
638 2956 751 3035 ‘vorle'
780 2959 867 3023 enim
890 2957 1013 3025 Graece
1040 2980 1135 3024 umor

112 3045 313 3111 nominatur.
360 3043 605 3131 Septentriones
634 3051 744 3112 autem
773 3047 896 3113 habent
925 3047 968 3112 ob
998 3048 1133 3112 eandem
1146 3058 1179 3107 15

113 3155 248 3199 causam
275 3155 386 3199 unum.
431 3135 464 3200 Is
496 3134 643 3200 obiectus
673 3136 886 3221 derectusque
914 3137 951 3200 in
977 3141 1135 3220 austrum,

112 3221 232 3288 Latine
247 3222 574 3308 ‘septentrionarius’,
588 3223 710 3290 Graece
725 3223 928 3309 ‘draconetus'
943 3224 1134 3309 appellatus.

78 3311 166 3376 alex
187 3311 242 3376 his
267 3315 343 3376 octo
360 3312 467 3377 ventis
491 3311 548 3377 alii
571 3317 727 3396 quattuor
748 3319 864 3379 ventos
888 3313 1063 3378 detrahunt
1087 3316 1179 3376 atla

113 3422 175 3485 que
202 3400 239 3465 id
265 3399 373 3467 fecere
396 3422 430 3466 se
459 3401 570 3466 dicunt
593 3401 760 3467 Homero
788 3407 934 3485 auctore,
962 3402 1017 3484 qui
1046 3401 1133 3466 solos

113 3494 274 3573 quattuor
296 3494 411 3554 ventos
434 3490 575 3554 noverit:
600 3511 726 3575 eurum,
750 3497 913 3574 austrum,
940 3489 1135 3572 aquilonem,
