2356 3900
91 149 156 214 124
547 151 593 205 ΠΙ.
611 169 641 206 n.

90 313 240 378 Romana
267 313 388 398 partim
416 313 545 399 diurna,
573 313 637 378 alia
659 319 833 400 nocturna,
861 317 916 379 sed
940 338 991 401 ea,
1022 338 1104 400 quae

90 403 176 467 inter
198 408 328 467 noctem
351 402 448 488 fiunt,
479 365 592 466 diebus
616 403 822 489 addicuntur,
848 426 915 468 non
937 405 1105 492 noctibus,

64 511 173 575 66666
192 492 295 577 igitur
314 491 858 593 66166616116111166666111611616
877 493 970 578 fiunt,
995 514 1033 557 eo
1053 495 1104 559 (116

89 580 161 644 fieri
191 581 359 665 dicuntur,
389 580 444 663 qui
474 580 641 664 proximus
671 603 743 645 eam
772 587 902 646 noctem
924 545 1104 648 1616666611

48 687 81 736 10
90 668 144 733 Ad
166 668 228 734 hoc
251 669 334 734 ritus
358 689 488 751 quoque
511 675 544 733 e
567 690 638 733 mos
662 669 851 754 auspicandi
874 671 1009 735 eandem
1034 693 1104 736 esse
1132 694 1146 734 s

92 758 353 824 observationem
381 757 488 823 docet:
517 779 595 822 nam
622 758 849 845 magistratus,
880 760 1009 842 quando
1039 781 1105 824 uno

92 847 143 911 die
166 848 213 912 eis
244 846 477 931 auspicandum
500 851 550 912 est
573 851 606 912 et
628 847 676 932 id,
704 869 801 932 super
829 869 893 930 quo
923 849 1106 933 auspicave-

92 941 178 1021 runt,
201 937 372 1022 agendum,
398 937 500 1017 [cum]
523 940 600 1020 post
622 935 762 1000 mediam
785 940 915 1001 noctem
939 937 1106 1021 auspican—

92 1029 147 1089 tur
165 1031 198 1089 et
216 1029 292 1110 post
309 1024 478 1089 meridiem
496 1024 565 1089 sole
579 1045 699 1110 magno
720 1026 861 1110 [agrmt],
882 1025 1105 1111 auspicatique

49 1128 163 1178 116666
187 1119 220 1178 61
243 1113 351 1200 egisse
373 1114 486 1178 eodem
509 1113 560 1178 dic
584 1113 744 1179 dicuntur.
789 1113 963 1179 Praeterea
979 1115 1104 1179 tribuni
1120 1140 1147 1180 16

92 1201 209 1288 plebei,
232 1223 314 1286 quos
331 1203 458 1267 nullum
477 1202 563 1267 diem
582 1203 695 1267 abesse
713 1201 820 1267 Roma
837 1202 924 1288 licet,
942 1210 1106 1288 cumpost

93 1291 232 1356 mediam
255 1296 386 1357 noctem
408 1291 660 1376 proficiscuntur
683 1295 814 1376 etpost
838 1292 978 1376 primam
1000 1291 1106 1358 facem

93 1385 169 1446 ante
188 1381 328 1445 mediam
347 1385 535 1465 sequentem
553 1384 768 1467 revertuntur,
785 1401 852 1445 non
869 1380 1116 1446 11166161616»

92 1470 157 1534 1666
184 1491 286 1535 unum
309 1469 404 1555 diem,
428 1469 591 1554 quoniam,
615 1474 689 1534 ante
713 1469 830 1534 horam
852 1469 959 1535 noctis
981 1475 1106 1535 sextam

93 1559 243 1645 regressi,
265 1563 358 1643 parte
382 1558 491 1642 aliqua
513 1558 602 1623 illius
625 1558 661 1622 in
684 1559 764 1623 urbe
786 1557 894 1623 Roma
917 1564 1001 1623 sunt.
1120 1583 1147 1624 15

51 1661 83 1709 12
164 1646 227 1728 [11,]
248 1669 376 1731 666666
390 1646 559 1713 Mucium
576 1646 834 1712 iureconsultum
853 1647 959 1712 dicere
973 1648 1107 1713 solitum
1156 1677 1163 1691 =

93 1736 169 1823 legi,
191 1757 258 1800 non
281 1759 351 1802 esse
374 1741 566 1838 usurpatam
584 1735 763 1821 mulierem,
786 1757 878 1820 6666,
900 1758 974 1801 6616
990 1737 1108 1801 Κ6166-

94 1825 144 1890 (116
167 1824 328 1890 Ianuariis
352 1826 437 1910 apud
460 1825 567 1891 virum
589 1824 791 1890 matrimonii
822 1845 921 1889 causa
943 1846 1014 1889 esse
1038 1847 1108 1891 666

93 1915 210 1998 616661,
243 1920 318 1980 ante
285 1915 435 1980 etdiem
462 1913 519 1980 IV.
547 1913 711 1978 Kalendas
738 1912 906 1978 Ianuarias
936 1919 1107 2067 sequentes

53 2015 85 2063 16
96 2008 288 2087 6661661616
315 2003 408 2068 isset:
435 2024 503 2067 non
530 2003 616 2067 enim
640 2023 737 2087 66666
754 2001 921 2086 implerit
922 2002 1108 2088 1166611616,
1121 2028 1148 2068 66

95 2091 182 2174 quod
211 2092 324 2156 abesse
353 2114 372 2155 a
401 2092 471 2156 1116
502 2091 679 2175 usurpandi
710 2111 809 2156 causa
838 2112 877 2155 61
907 2091 1107 2157 duodecim

94 2179 242 2245 tabulis
262 2179 403 2265 deberet,
422 2181 575 2263 quoniam
589 2179 706 2244 tertiae
723 2179 831 2245 noctis
845 2180 1036 2264 posterioris
1052 2202 1108 2244 661

94 2270 194 2333 horae
219 2268 352 2334 alterius
377 2271 453 2333 anni
477 2273 595 2354 essent,
621 2268 677 2352 qui
699 2268 859 2353 inciperet
880 2291 920 2332 ex
942 2268 1108 2333 Kalendis.

51 2369 84 2417 14
161 2356 266 2422 Istaec
282 2363 391 2422 autem
406 2358 515 2423 omnia
529 2358 568 2422 de
585 2357 710 2422 dierum
723 2357 926 2442 temporibus
941 2361 974 2422 et
987 2356 1107 2421 finibus

94 2447 134 2510 ad
163 2446 423 2512 observationem
451 2446 720 2531 disciplinamque
747 2446 828 2511 iuris
857 2445 984 2529 antiqui
1011 2446 1109 2530 perti·
1122 2472 1148 2513 16

93 2535 206 2599 666116
225 2557 299 2600 6616
321 2536 360 2599 16
384 2535 500 2600 libris
524 2539 700 2600 veterum
717 2533 947 2619 inveniremus,
967 2554 1035 2598 non
1054 2536 1109 2599 du-

94 2623 290 2710 bitabamus,
304 2625 384 2708 quin
392 2623 596 2710 Vergilius
611 2644 740 2708 quoque
754 2623 788 2687 id
801 2622 910 2707 ipsum
921 2623 1109 2709 ostenderit,

93 2734 160 2776 non
190 2712 336 2798 exposite
367 2717 464 2796 atque
493 2717 617 2797 aperte,
645 2711 714 2796 sed,
741 2716 779 2775 61
805 2711 972 2776 1161616616
1001 2711 1109 2776 (166611

94 2801 238 2884 66611666
257 2824 309 2866 166
329 2806 490 2887 agentem,
507 2800 674 2865 recondita
693 2804 726 2864 et
745 2800 838 2882 quasi
858 2805 971 2884 operta
989 2801 1108 2864 veteris

93 2890 177 2953 ritus
201 2890 452 2975 significatione:
1122 2916 1149 2956 ao

52 3023 84 3072 ro
145 3023 148 3031 ’
186 3018 358 3098 1616661,
385 3011 506 3098 166611,
538 3011 684 3076 medios
711 3033 786 3076 nox
813 3011 941 3076 umida
974 3034 1109 3078 cursus

140 3101 269 3167 111616
300 3122 436 3166 saevus
464 3101 573 3184 equis
602 3101 732 3165 oriens
763 3099 921 3165 afflavit
948 3101 1109 3166 anhelis.

52 3244 156 3310 1oH1s
176 3244 262 3309 enim
281 3242 429 3307 versibus
445 3242 586 3327 oblique,
605 3241 700 3357 sicuti
715 3241 791 3326 (1111,
810 3242 982 3307 admonere
997 3243 1111 3329 161611,

94 3422 202 3487 666116
225 3420 307 3485 hora
330 3420 416 3484 oriri
1125 3451 1150 3490 35
