2392 3886
548 141 594 197 lv.
612 160 633 199 ι.
1035 143 1098 212 149

80 306 191 392 Atque
209 306 327 371 horum
351 305 497 370 omnium
519 309 553 370 et
575 304 774 370 testimoniis
797 309 832 370 et
849 305 1005 392 exemplis
1028 330 1102 375 oon·
1129 318 1147 369 4

81 396 263 482 strepebat3
290 416 427 481 cumque
449 394 548 460 nimis
571 394 683 459 odiose
706 393 896 480 blateraret,
917 394 1104 466 intercessit

79 485 207 571 placide
226 483 444 549 Favorinus
466 488 502 568 et
525 482 666 549 ‘amabo’
689 482 798 568 inquit
820 482 998 570 magister,
1016 488 1102 571 quic·

82 573 230 660 quidest
250 595 371 638 nomen
392 572 464 658 tibi,
487 573 614 637 abunde
632 572 737 638 multa
754 571 905 657 docuisti,
928 596 1010 658 quae
1034 577 1102 660 qui-

53 664 156 728 sdem
183 662 417 750 ignorabamus
447 666 482 726 et
509 661 591 726 scire
620 661 708 726 haud
738 682 815 727 sane
844 661 1101 746 postulabamus.

83 751 168 828 Quid
197 751 285 817 enim
312 750 413 816 refert
441 772 515 816 mea
542 751 689 837 eiusque,
721 751 853 836 quicum
879 750 1010 837 loquor,
1037 775 1102 838 quo
1130 761 1147 810 ὅ

84 862 200 928 genere
224 839 371 926 ‘penum’
400 839 507 905 dicam
529 844 587 905 aut
613 839 649 905 in
677 862 757 925 quas
785 844 947 906 extremas
973 841 1102 908 litteras

83 929 256 1014 declinem,
287 930 433 994 sinemo
461 928 496 993 id
522 950 590 994 non
617 928 716 994 nimis
743 929 882 995 barbare
909 928 1104 996 fecerimus?

84 1019 141 1084 sed
163 1019 226 1083 hoc
249 1018 345 1103 plane
367 1017 498 1105 indigeo
518 1018 651 1103 discere,
674 1017 751 1103 quid
770 1017 815 1083 sit
837 1017 964 1103 ‘penus'
987 1024 1021 1084 et
1039 1043 1104 1106 qua
1131 1031 1147 1079 o

42 1107 141 1172 rufini
164 1107 198 1172 id
216 1107 411 1172 vocabulum
429 1106 566 1192 dicatur,
587 1128 628 1171 ne
646 1128 716 1172 rem
739 1106 894 1172 cotidiani
912 1112 1001 1194 usus,
1023 1113 1104 1174 tam-

83 1219 182 1282 quam
197 1195 253 1281 qui
270 1195 306 1261 in
319 1195 489 1261 venalibus
504 1194 622 1261 Latine
635 1195 727 1281 loqui
741 1201 904 1282 coeptant,
923 1197 988 1262 alia
1006 1220 1104 1283 quam

83 1289 214 1370 oportet
236 1305 315 1350 voce
338 1283 519 1371 appellem’.

151 1372 310 1449 ‘Quaeris’
328 1373 437 1460 inquit
455 1373 537 1438 ‘rem
552 1373 686 1438 minime
706 1374 887 1440 obscuram.
923 1373 1004 1451 Quis
1023 1375 1103 1441 adeo
1132 1383 1147 1434 7

82 1463 229 1549 ignorat,
251 1461 394 1548 ‘penum’
422 1484 493 1528 esse
516 1463 629 1527 vinum
651 1467 685 1527 et
707 1462 855 1528 triticum
882 1468 917 1527 et
939 1463 1048 1528 oleum
1071 1468 1106 1530 et

42 1568 69 1610 ιι
82 1551 199 1616 lentim
217 1556 252 1615 et
268 1550 381 1633 fabam
398 1556 455 1637 atq
455 1573 496 1615 ue
514 1551 739 1616 huiuscemodi
761 1551 903 1616 oetera?'
928 1550 1103 1618 ‘Etiamne’
1131 1561 1148 1612 8

20 1647 24 1651 '
82 1640 192 1725 inquit
218 1576 455 1705 Fauorinusq
467 1640 606 1705 milium
637 1644 671 1704 et
701 1639 854 1725 panicum
884 1644 917 1704 et
947 1641 1040 1727 glans
1071 1645 1106 1707 et

82 1728 280 1794 hordeum‘
282 1729 396 1814 penus’
427 1728 501 1794 est‘?
534 1733 611 1794 sunt
641 1726 728 1793 enim
758 1728 995 1830 propemodum
1023 1729 1105 1794 haec

85 1838 213 1903 quoque
241 1816 502 1884 eiusdemmodi’·
495 1839 670 1904 ,cumque
698 1817 754 1882 ille
777 1816 917 1882 reticens
946 1817 1105 1932 haereret,
1131 1828 1148 1877 9

85 1905 185 1971 ‘'nolo
198 1906 306 1992 inquit
321 1906 419 1971 ‘'hoc
409 1929 476 1972 ram
489 1869 629 1991 labores,
642 1927 684 1971 an
697 1906 763 1971 ista
762 1927 868 2008 ,quae
882 1904 987 1992 dixi,
989 1904 1104 1991 penus’

42 2013 70 2052 ιο
84 1996 273 2080 appelletur.
313 1994 376 2060 Sed
399 2000 535 2081 potesne
554 1958 635 2061 mihi
653 2016 721 2060 non
739 1994 880 2080 speciem
899 1993 1042 2080 aliquam
1065 1994 1105 2060 de

83 2105 170 2168 penu
184 2083 299 2169 dicere,
319 2085 376 2149 sed
394 2084 527 2149 definire
547 2107 664 2172 genere
677 2084 848 2170 proposito
867 2088 901 2148 et
914 2082 1105 2149 differentiis

85 2173 257 2257 adpositis,
280 2173 357 2258 quid
381 2172 424 2238 sit
448 2173 602 2258 penus'?
648 2172 774 2250 Quod'
796 2171 937 2259 inquit
945 2195 1048 2260 genus
1071 2176 1106 2238 et

84 2281 166 2346 quas
193 2260 392 2326 differentias
416 2262 519 2348 dicas,
544 2284 612 2327 non
634 2263 742 2328 hercle
769 2261 947 2348 intellego'.
993 2259 1104 2327 ‘'Rem
1116 2261 1149 2310 10

84 2349 193 2434 inquit
214 2349 434 2415 Favorinus
458 2350 565 2436 plane
589 2351 710 2417 dictam
732 2351 890 2436 postulas,
913 2351 1000 2437 quod
1023 2349 1105 2415 diffi-

44 2454 71 2495 ιι
85 2437 244 2502 oillimum
257 2443 318 2523 est,
331 2438 395 2503 dici
408 2439 552 2525 planius3
564 2461 642 2505 nam
655 2440 718 2504 hoo
733 2440 864 2523 quidem
877 2439 1105 2525 pervolgatum

84 2530 145 2610 est,
168 2525 390 2591 definitionem
414 2549 543 2593 omnem
566 2549 606 2592 ex
630 2549 746 2615 genere
770 2533 804 2591 et
827 2527 1009 2592 differentia
1032 2548 1105 2591 con-

85 2614 208 2678 sistere.
255 2612 368 2679 Sed
343 2637 370 2679 ιι
393 2637 445 2680 me
468 2616 530 2681 tibi
553 2616 795 2702 praemendere,
817 2616 903 2701 quod
926 2616 1029 2701 aiunt,
1050 2625 1149 2700 poll

85 2703 202 2787 ιιιιιιι
234 2702 353 2768 faciam
383 2726 460 2768 sane
489 2705 523 2769 id
556 2727 683 2790 quoque
715 2704 850 2769 honoris
882 2704 932 2768 tui
962 2703 1105 2769 habendi

124 2790 212 2855 atie'.

43 2897 70 2937 ιο
85 2813 124 2877 gr
152 2879 201 2945 Ao
221 2879 336 2944 deinde
353 2880 402 2946 ita
420 2900 555 2944 exorsus
573 2885 636 2944 est:
660 2879 720 2946 ‘Si'
739 2880 848 2965 inquit
870 2879 944 2967 ‘ego
962 2885 996 2946 te
1018 2891 1148 2946 nun012

84 2989 213 3054 rogem,
241 2972 278 3032 ut
305 2968 386 3033 mihi
416 2968 505 3034 dicas
528 2973 562 3033 et
589 2968 683 3055 quasi
713 2969 961 3036 circumscribas
988 2969 1106 3054 verbis,

84 3057 267 3122 cuiusmodi
282 3056 404 3123 ‘homo'
420 3057 473 3141 sit,
486 3079 562 3142 non,
575 3057 701 3143 opinor,
719 3059 926 3145 respondeas,
938 3058 1105 3123 hominem

84 3166 155 3212 esse
178 3150 212 3209 te
235 3150 333 3230 atque
352 3167 412 3211 me.
453 3145 526 3210 Hoc
549 3146 637 3210 enim
656 3147 728 3231 quis
751 3146 850 3213 homo
872 3147 917 3212 sit
935 3148 1104 3213 ostendere

84 3238 144 3318 est,
165 3254 242 3319 non,
265 3234 342 3319 quid
360 3233 460 3298 homo
484 3235 528 3298 sit
550 3234 664 3300 dicere.
707 3233 819 3300 Sed
793 3258 832 3320 ιι,
853 3235 997 3321 inquam,
1017 3238 1105 3321 pete

42 3337 70 3380 ιι
84 3344 163 3406 rem,
186 3323 355 3407 ut1psum
376 3323 468 3408 illud,
491 3323 577 3408 quod
595 3323 695 3388 homo
712 3329 772 3410 est,
795 3324 954 3419 definires,
977 3329 1014 3389 tu
1032 3333 1107 3409 pro

85 3409 171 3476 fecto
194 3411 276 3475 milri
299 3411 432 3496 diceres,
458 3375 624 3477 bominem
647 3435 718 3477 esse
742 3376 863 3478 animal
885 3412 1034 3498 mortale,
1055 3435 1104 3476 ra

85 3499 185 3564 tionis
208 3504 241 3565 et
265 3500 420 3565 scientiae
439 3501 581 3586 capiens,
602 3501 653 3566 vel
677 3522 742 3587 quo
762 3501 827 3566 alio
850 3501 948 3567 modo
972 3501 1105 3585 diceres,
