2392 3886
500 823 543 893 1.
573 820 735 894 curun

112 987 344 1073 Nooslvu
381 970 682 1071 lislolavu
718 984 885 1069 LIBER
920 983 1132 1071 PRIMVS.

608 1278 633 1342 Ι.

111 1400 194 1468 Quali
216 1399 398 1470 proportione
426 1398 583 1467 quibusque
609 1397 825 1454 collectionibus
850 1396 1019 1451 Plutarchus
1046 1397 1130 1453 ratio·

146 1471 272 1526 cinatum
286 1487 347 1526 esse
356 1469 548 1540 Pythagoram
560 1469 762 1540 philosophum
777 1467 882 1524 dixerit
896 1467 931 1523 de
946 1469 1129 1538 comprehen-

146 1543 240 1597 denda
259 1541 383 1625 corporis
406 1540 590 1612 proceritate,
614 1558 670 1610 qua
692 1540 748 1594 fuit
772 1539 923 1607 Hercules,
952 1555 1016 1594 cum
1040 1539 1131 1595 vitam

145 1612 220 1670 inter
238 1614 364 1669 hommes
383 1612 500 1669 viveret.
1149 1628 1160 1670 a

86 1754 100 1802 1
177 1741 413 1808 Plutarchus
427 1741 462 1806 in
475 1741 570 1826 libro,
580 1761 677 1824 quem
691 1738 926 1805 deHerculis
942 1743 1128 1822 quantum

109 1830 213 1896 inter
235 1831 411 1897 homines
435 1830 512 1895 fuit
540 1829 658 1895 animi
687 1828 940 1914 corporisque
968 1827 1128 1914 ingenio

110 1923 224 2002 atque
243 1919 460 1984 virtutibus
475 1919 679 2004 conscripsit,
693 1918 773 1984 scite
789 1916 1017 2000 subtiliterque
1032 1917 1128 1983 ratio

110 2007 255 2072 cinatum
268 2006 532 2093 Pythagoram
549 2007 782 2093 philosophum
801 2006 881 2073 dicit
892 2006 928 2071 in
940 2006 1128 2091 reperienda

109 2095 369 2179 modulandaque
396 2100 503 2160 status
524 2096 804 2183 longitudinisque
827 2095 896 2161 eius
918 2095 1128 2179 praestantia
1140 2119 1162 2162 u

83 2183 196 2254 aNam
223 2207 298 2251 cum
320 2185 387 2250 fere
411 2188 589 2270 constaret,
611 2186 808 2252 curriculum
832 2184 942 2270 stadii,
969 2185 1058 2269 quod
1080 2188 1129 2250 est

108 2273 194 2339 Pisis
222 2274 308 2359 apud
334 2273 446 2339 Iovem
470 2271 671 2361 Olympium,
692 2274 868 2340 Herculem
894 2273 1031 2358 pedibus
1062 2273 1128 2340 suis

108 2367 268 2429 metatum
290 2363 388 2447 idque
410 2363 526 2429 fecisse
544 2364 681 2450 longum
703 2364 800 2449 pedes
824 2368 999 2448 sescentos,
1021 2368 1129 2430 cetera

109 2474 238 2538 quoque
257 2452 364 2518 stadia
381 2453 417 2516 in
433 2457 521 2517 terra
536 2451 673 2518 Graecia
690 2453 732 2517 ab
751 2451 824 2518 aliis
842 2457 959 2538 postea
974 2451 1129 2519 instituta

108 2541 228 2626 pedum
247 2541 377 2625 quidem
396 2563 465 2606 esse
484 2562 620 2607 numero
640 2546 833 2627 sescentum,
852 2541 909 2607 sed
926 2546 1037 2606 tamen
1056 2562 1127 2608 esse
1140 2565 1163 2607 u

109 2630 349 2714 aliquantulum
357 2630 517 2716 breviora,
530 2630 626 2697 facile
640 2630 811 2715 intellexit,
824 2631 959 2695 modum
972 2629 1128 2716 spatium-

109 2740 171 2803 que
189 2720 320 2804 plantae
334 2718 496 2806 Herculis,
515 2720 641 2785 ratione
655 2719 877 2805 proportionis
891 2718 1014 2805 habita,
1033 2723 1127 2785 tanto

108 2807 210 2873 fuisse
229 2830 328 2892 quam
346 2809 486 2874 aliorum
503 2809 684 2894 procerius,
702 2813 826 2893 quanto
837 2805 1044 2894 Olympicum
1064 2814 1128 2874 sta-

82 2896 201 2968 adium
218 2897 350 2983 longius
373 2902 460 2963 esset
483 2920 582 2982 quam
605 2902 720 2963 cetera.
754 2895 997 2982 Comprehensa
1016 2903 1128 2964 autem

109 3008 261 3051 mensura
278 2984 456 3052 Herculani
474 2987 576 3072 pedis,
595 2991 717 3070 quanta
735 2986 960 3073 longinquitas
979 2987 1127 3073 corporis
1141 3013 1166 3055 a

109 3074 139 3139 ei
162 3096 333 3140 mensurae
352 3075 539 3141 conveniret
562 3076 738 3140 secundum
760 3075 943 3141 naturalem
966 3076 1128 3142 membro

108 3185 182 3228 rum
210 3163 356 3228 omnium
382 3164 468 3229 inter
499 3186 533 3229 se
562 3164 814 3249 competentiam
841 3164 1047 3231 modificatus
1076 3171 1129 3233 est

108 3256 207 3337 atque
220 3252 268 3317 ita
285 3252 320 3317 id
338 3253 481 3339 collegit,
499 3253 586 3336 quod
600 3258 670 3318 erat
684 3274 894 3338 consequens,
912 3257 1005 3318 tanto
1024 3254 1128 3333 ¹fuisse

107 3339 284 3406 Herculem
321 3362 455 3428 corpore
498 3342 708 3408 excelsiorem
742 3363 842 3426 quam
874 3342 970 3427 alios,
1003 3349 1128 3427 quanto

108 3428 315 3516 Olympicum
335 3431 476 3496 stadium
491 3432 606 3498 ceteris
619 3431 692 3518 pari
705 3452 841 3497 numero
860 3431 956 3498 factis
976 3432 1126 3502 anteiret.
1141 3458 1168 3503 rs
