2392 3886
546 148 592 204 111.
611 165 638 206 ι
656 166 692 204 11.
1065 151 1131 217 135

111 310 248 375 ternarii
283 310 418 375 numeri.
471 310 671 376 Discrimina
707 312 807 377 etiam
842 314 1061 398 periculorum
1097 315 1177 379 in14

111 399 237 464 morbis
256 399 378 464 maiore
397 422 430 463 vr
421 399 519 464 fieri
536 400 659 485 putat
649 423 685 464 1n
700 400 812 465 diebus
814 401 897 486 ,qui
916 403 1133 469 conficiuntur

112 511 154 553 ex
180 508 315 553 numero
343 487 541 573 septenario,
567 510 687 574 eosque
714 488 782 554 dies
811 490 956 555 omnium
983 492 1132 577 maxime,

112 577 162 641 ita
175 581 213 641 ut
226 576 343 643 medici
357 576 532 662 appellant,
551 576 748 662 uocolpovg'
767 575 858 666 (Oui)
877 578 979 643 videri
992 580 1132 665 primam

82 665 411 731 shebdomadamt
378 670 411 731 et
434 667 608 732 secundam
631 671 664 731 et
687 666 826 732 tertiam
872 665 986 752 Neque
1009 689 1077 733 non
1098 669 1132 734 1d
1143 672 1177 722 15

111 754 214 820 etiam
236 754 337 820 sumit
322 755 451 820 t'ad
422 777 489 821 vnn
511 754 798 842 facultatesque
771 778 840 821 ems
862 756 990 822 numeri
1014 778 1133 842 augen-

112 843 186 928 das,
209 844 304 929 quod,
326 843 445 929 quibus
467 843 576 908 inedia
598 844 682 910 mori
705 844 951 911 oonsiliumt
900 849 951 911 est
955 845 1132 931 ,septimo

114 933 245 998 demum
268 933 318 997 die
342 937 482 998 mortem
504 954 587 1018 oppe
570 938 672 999 e.tunt

180 1020 270 1087 Haec
288 1020 411 1086 Varro
435 1022 475 1087 de
497 1043 632 1087 numero
657 1022 840 1108 septenario
864 1023 996 1108 scripsit
1019 1024 1128 1089 admo-
1140 1036 1173 1086 16

72 1129 101 1168 ιο
115 1111 193 1175 dnm
228 1110 418 1196 conquisita
469 1107 533 1176 Sed
567 1111 632 1176 alia
664 1133 794 1198 quoque
828 1112 950 1178 ibidem
982 1113 1132 1199 congerit

112 1198 353 1285 frigidiusoula:
375 1199 478 1264 veluti
451 1203 626 1301 tiseptem
649 1221 748 1285 opera
771 1222 841 1266 esse
863 1201 899 1265 in
922 1201 1000 1267 orbe
1024 1206 1130 1267 terrae

112 1287 262 1353 miranda
291 1293 324 1352 et
354 1288 516 1373 sapientes
545 1288 626 1354 item
655 1293 780 1354 veteres
811 1294 936 1375 septem
966 1289 1067 1355 inisse
1098 1295 1132 1355 et

112 1376 275 1442 curricula
303 1377 454 1441 ludorum
485 1376 677 1442 circensium
708 1377 879 1443 sollemnia
906 1383 1031 1464 septem
1060 1400 1131 1443 esse

113 1465 203 1530 etad
218 1466 452 1552 oppugnandas
467 1465 595 1531 Thebas
610 1466 707 1531 duces
727 1471 851 1551 septem
868 1467 1018 1533 delectos.
1047 1466 1131 1531 Tum
1143 1479 1176 1528 ιι

72 1569 100 1611 15
113 1553 162 1618 ibi
185 1554 288 1639 addit,
316 1576 350 1618 se
374 1575 502 1639 quoque
525 1554 592 1619 iam
619 1554 843 1620 duodecimam
870 1576 1029 1635 annorum
1055 1556 1133 1621 heb

113 1643 287 1707 domadam
310 1643 494 1729 ingressum
512 1664 582 1708 esse
607 1647 640 1707 et
661 1642 701 1707 ad
725 1665 799 1708 eum
818 1643 904 1708 diem
923 1643 1133 1729 septuaginta

113 1730 334 1797 hebdomadas
352 1731 512 1796 librorum
530 1731 771 1817 conscripsisse,
790 1753 829 1796 ex
844 1731 962 1816 quibus
978 1732 1134 1816 aliquam·

115 1819 253 1920 multos,
283 1842 357 1886 oum
388 1820 591 1906 proscriptus
624 1825 725 1906 esset,
755 1820 890 1906 direptis
923 1819 1132 1886 bibliothecis

115 1930 184 1972 surs
206 1929 274 1972 non
296 1909 524 1994 comparuisse.

73 2157 101 2196 ao
594 2138 650 2204 XI.

115 2257 223 2324 Quibus
233 2261 262 2313 et
272 2276 357 2327 quam
366 2259 475 2314 frivolis
486 2259 660 2341 argumentis
670 2258 793 2315 Accius'
785 2277 815 2314 m
829 2257 1010 2315 didascalicis
1025 2261 1131 2326 utatur,

151 2328 374 2468 qquqqmdrqqlere
392 2330 506 2399 nititur,
525 2329 681 2386 Hesiodum
705 2347 767 2385 esse
786 2346 872 2400 quam
889 2329 1044 2385 Homerum
1061 2331 1133 2384 natu

183 2525 289 2612 Super
310 2532 417 2592 aetate
435 2527 594 2593 Homeri
614 2533 711 2613 atque
729 2527 895 2593 Hesiodi
913 2549 981 2593 non
999 2549 1133 2594 consen-
1120 2539 1158 2588 -1

73 2633 101 2674 aa
115 2615 207 2680 titur
261 2615 330 2680 Ani
358 2615 568 2681 Homerum
576 2637 697 2717 quam
731 2615 944 2681 Hesiodum
974 2617 1159 2682 maiorema

114 2709 196 2768 natu
218 2703 320 2768 foisse
343 2704 583 2789 scripserrmts
573 2726 610 2768 ιιι
633 2704 705 2790 quis
724 2703 989 2770 Philochorus
1010 2709 1044 2770 et
1062 2703 1134 2770 Xe·

113 2791 1161 2967 ttttttttttttptqtttttttlt

115 2971 239 3056 primo
264 2970 308 3035 de
330 2969 585 3056 imaginibus,
612 2973 686 3034 uter
712 2969 803 3054 prior
830 2970 875 3034 sit
896 2974 994 3034 natus
1017 2992 1135 3054 parum

73 3077 103 3117 ³0
117 3063 267 3124 constare
286 3057 375 3143 dicit,
398 3058 454 3123 sed
475 3080 543 3124 non
566 3079 636 3122 esse
660 3057 805 3142 dubium,
828 3057 907 3142 quin
925 3057 1035 3144 aliquo
1054 3064 1135 3124 tem·

115 3168 196 3232 pore
223 3147 338 3212 eodem
360 3146 513 3231 vixerint,
541 3146 638 3232 idque
667 3167 707 3211 ex
734 3146 968 3232 epigrammate
997 3146 1134 3231 ostendi,

117 3236 205 3321 quod
226 3236 263 3300 in
284 3235 412 3321 tripode
436 3235 594 3320 scriptum
618 3239 682 3319 est,
705 3235 760 3320 qui
782 3235 819 3299 in
840 3239 951 3300 monte
974 3233 1133 3301 Helicone

116 3325 159 3388 ab
182 3323 355 3389 Hesiodo
377 3323 505 3408 positus
528 3322 676 3388 traditur.
708 3323 851 3389 Accius
870 3328 980 3388 autern
997 3323 1038 3387 in
1055 3323 1161 3408 pri-4

117 3434 177 3478 mo
200 3412 434 3478 didascalico
457 3411 583 3476 levibus
607 3412 781 3476 admodum
800 3411 1001 3498 argumentis
1020 3412 1133 3496 utitur,

77 3518 104 3559 ³⁵
118 3523 178 3586 per
206 3523 288 3587 quae
320 3501 447 3566 ostendi
480 3503 589 3585 putat,
620 3499 831 3565 Hesiodum
864 3505 945 3565 natu
978 3500 1134 3583 priorem:
