2392 3886
107 150 151 216 66
577 149 599 205 Ι.
617 168 655 205 x1.

108 317 217 397 untur,
236 312 292 376 sed
311 315 433 396 contra,
451 316 489 377 ut
506 311 739 377 moderatiores
759 310 1059 395 modulatioresque
1076 311 1123 376 fic

82 406 191 486 arent,
206 401 292 485 quod
301 401 445 466 tibicinis
459 401 603 466 numeris
619 401 696 483 [vis]
712 405 921 485 temperatur.
943 398 1040 466 Nihil
1050 401 1121 466 adeo

109 491 144 553 in
167 490 412 576 congrediendis
436 489 587 555 hostibus
616 494 713 574 atque
735 488 771 554 in
797 488 969 574 principiis
991 489 1122 575 proelio

110 602 182 643 rum
207 579 247 644 ad
266 579 405 644 salutem
427 579 646 662 virtutemque
670 577 778 663 aptius
797 577 862 643 rati
886 598 986 662 quam
1009 578 1122 664 siper

84 668 225 740 amuleti
244 669 333 734 sonis
352 667 538 733 mitioribus
556 687 624 731 non
646 666 807 732 inmodice
829 666 1015 733 ferocirent.
1049 665 1149 733 (tumr

109 757 296 841 procinctae
318 757 422 843 igitur
441 758 560 822 classes
580 759 673 820 erant
691 760 725 821 et
747 756 909 821 instructa
927 756 1015 821 acies
1041 779 1123 842 coep

110 851 245 929 tumque
267 847 303 910 in
326 846 455 911 hostem
477 845 644 931 progredi,
667 845 818 910 tibicines
841 845 928 910 inter
952 847 1122 913 exercitum

84 935 211 1019 spositi
240 956 353 1000 canere
375 935 594 1020 inceptabant.
640 933 691 998 Ea
716 934 764 998 ibi
786 934 1019 1018 praecentione
1047 940 1123 1000 tran-

111 1023 213 1107 quilla
235 1028 268 1087 et
287 1023 470 1088 delectabili
489 1027 585 1107 atque
605 1023 684 1087 adeo
707 1023 886 1088 venerabili
904 1023 945 1087 ad
969 1025 1123 1107 quandam

111 1112 204 1196 quasi
227 1111 378 1177 militaris
401 1112 543 1177 musicae
563 1111 768 1196 disciplinam
785 1111 836 1176 vis
855 1116 888 1177 et
905 1111 1052 1197 impetus
1074 1112 1150 1178 mia

110 1200 220 1285 litum,
242 1222 286 1264 ne
310 1201 415 1285 sparsi
439 1200 654 1285 dispalatique
677 1205 883 1285 proruerent,
907 1200 1122 1268 cohibebatur.

86 1287 176 1361 sSed
194 1289 297 1373 ipsius
316 1289 405 1353 illius
420 1289 544 1375 egregii
559 1289 727 1373 scriptoris
746 1289 796 1354 uti
810 1289 918 1355 verbis
936 1289 1031 1378 libet,
1051 1311 1122 1375 quae

112 1384 145 1444 et
169 1378 328 1465 dignitate
352 1383 385 1442 et
408 1378 471 1442 fide
495 1377 646 1464 graviora
669 1383 759 1444 sunt:
790 1377 868 1444 Kal
894 1380 989 1463 perd
1012 1389 1122 1446 ταῦτα

112 1467 132 1551 ἡ
166 1468 334 1547 ξύνοδος
365 1462 422 1550 ἦν·
465 1463 634 1550 Ἀρμεῑοι
665 1462 735 1552 μὲν
765 1464 830 1532 καί
863 1467 903 1532 ot
932 1468 1122 1553 σύμμαχοι

113 1556 284 1633 ἐντόνως
315 1553 380 1622 καί
412 1555 508 1640 ὀργῇ
546 1564 784 1640 χωροῦντες,
814 1555 1150 1642 Λακεδαιμόνιοιιι

114 1642 155 1711 δὲ
187 1643 363 1730 βραδέως
392 1642 456 1709 καί
487 1643 560 1708 ὑπὸ
592 1644 771 1727 αὐλητῶν
801 1649 973 1729 πολλῶν,
1006 1649 1122 1732 νόμον

113 1733 438 1818 ἐγκαθεστώτων,
469 1732 515 1798 οὐ
544 1741 614 1810 τοῦ
643 1735 760 1798 θείου
790 1735 922 1819 χάριν,
953 1729 1038 1800 ἀλλ’
1066 1735 1123 1800 ἵνα
1161 1794 1163 1799 .

113 1823 267 1908 ὁμαλῶς
298 1824 391 1907 μετὰ
428 1821 588 1908 ῥυθμοῦ
620 1825 832 1905 βαίνοντες
864 1821 1123 1908 προσέλθοιεν

113 1911 177 1979 καὶ
201 1913 248 1997 μὴ
273 1913 540 1994 διασπασθείη
565 1911 699 1988 αὐτοῖς
717 1910 738 1995 ἡ
756 1911 879 1996 τάξις,
903 1912 998 1997 ὅπερ
1023 1917 1125 1997 φιλεί

114 2002 158 2065 τὰ
173 2001 322 2084 μεγάλα
337 2001 584 2084 στρατόπεδα
603 1999 645 2065 ἐν
658 2011 745 2077 ταῖς
758 2001 976 2084 προσόδοις
988 2011 1151 2068 ποιεῖτε

89 2111 104 2160 s
183 2086 353 2153 Cretenses
378 2109 506 2172 quoque
529 2089 654 2172 proelia
670 2089 798 2175 ingredi
822 2090 937 2156 solitos
956 2091 1126 2157 memoriae

115 2178 227 2243 datum
250 2181 301 2241 est
323 2178 530 2261 praecinente
550 2199 587 2242 ac
605 2178 873 2263 praemoderante
897 2178 1025 2245 cithara
1048 2201 1127 2268 gres·

89 2267 222 2352 rsibus3
244 2265 396 2350 Alyattes
421 2271 540 2352 autem,
562 2289 618 2332 rex
637 2272 743 2333 terrae
765 2265 898 2354 Lydiae,
919 2290 1011 2334 more
1035 2273 1127 2353 atque

115 2356 194 2420 luxu
217 2355 389 2420 barbarico
408 2355 585 2441 praeditus,
608 2378 682 2421 cum
700 2356 823 2421 bellum
841 2355 978 2423 Milesiis
1003 2358 1128 2442 faceret,

115 2450 153 2509 ut
167 2444 390 2510 Herodotus
409 2445 449 2508 in
462 2443 645 2508 historiis
665 2445 776 2529 tradit,
795 2445 1003 2511 concinentes
1017 2446 1155 2512 habuit}

115 2535 316 2599 fistulatores
340 2538 373 2598 et
400 2533 545 2599 fidicines
570 2537 667 2616 atque
694 2533 832 2598 feminas
857 2535 956 2600 etiam
979 2535 1128 2602 tibicinas

115 2624 151 2687 in
179 2623 323 2688 exercitu
352 2627 449 2706 atque
477 2622 513 2687 in
538 2622 709 2706 procinctu
736 2622 867 2708 habuit,
893 2624 1129 2689 lascivientium

90 2712 248 2781 adeliciae
279 2711 509 2777 conviviorum.
557 2708 619 2775 Sed
652 2711 739 2776 enim
765 2711 916 2777 Achaeos
943 2711 1129 2779 Homerus

115 2822 259 2888 pugnam
280 2801 432 2885 indipisci
455 2800 502 2864 ait
519 2820 587 2863 non
605 2799 809 2865 fidicularum
827 2800 1057 2889 tibiarumque,
1079 2800 1132 2867 sed

116 2891 275 2955 mentium
299 2890 544 2972 animorumque
569 2894 728 2954 concentu
756 2889 1007 2974 conspiratuque
1031 2891 1158 2957 tacito*

114 2979 316 3043 nitibundos:

164 3104 213 3168 ot
234 3098 265 3168 δ’
291 3096 350 3186 ἄρ’
378 3107 467 3166 ίσαν
491 3109 580 3186 σιγῇ
605 3100 722 3185 μένεα
744 3104 952 3180 πνείοντες
971 3100 1132 3188 Ἀχαιοί,

160 3190 220 3257 Ἐν
243 3196 357 3279 θυμῷ
381 3200 579 3274 μεμαῶτες
603 3189 788 3275 ἀλεξέμεν
812 3191 1058 3275 ἀλλήλοισιν.

92 3354 107 3403 ο
186 3333 271 3410 Quid
297 3333 352 3397 ille
375 3331 448 3396 vult
476 3332 721 3398 ardentissimus
750 3334 873 3397 clamor
899 3332 1044 3400 militum
1071 3334 1136 3400 Ra

118 3445 297 3507 manorum,
321 3444 417 3506 quem
439 3421 474 3484 in
493 3422 722 3508 congressibus
744 3421 944 3507 proeliorum
966 3423 1038 3487 fieri
1062 3424 1163 3491 soli-a

117 3517 188 3578 tum
212 3511 387 3596 scriptores
412 3511 577 3576 annalium
600 3511 841 3576 memoravere?
865 3515 1021 3577 contrane
1043 3513 1138 3579 insti-
