2392 3886
531 151 552 208 Ι·
571 172 610 207 111-
1038 154 1082 219 45

59 319 193 404 scripsi:
227 318 323 402 Οὐκ,
350 319 387 384 εἰ
417 318 464 402 δή
496 339 572 384 που
594 327 711 384 τοῦτο
733 326 783 406 τῷ
813 316 916 401 γένει
948 318 1081 403 τιμιώ-
1092 338 1125 387 26

59 430 195 492 τερον,
217 407 291 492 ἤδη
314 406 379 473 καὶ
401 406 540 473 ὁτιοῦν
562 399 653 473 ἂν
632 432 653 494 q
676 406 793 492 μέρος
819 407 963 473 τούτου
985 409 1082 492 πρὸς

59 497 103 560 τὸ
144 499 310 580 τηλίκον
349 495 525 579 θατέρου
561 499 881 581 συγκρινόμενον
923 497 1082 581 alperto

60 586 181 650 ἔσται.
217 585 330 668 Λέγω
353 581 395 651 dl
418 577 523 669 οἷον,
546 585 632 669 οὐκ,
655 586 692 651 εἰ
712 588 879 670 χρυσίον
905 586 1082 670 τιμιώτε

32 690 135 757 ερον
157 679 321 758 χαλκοῦ,
348 672 413 740 καὶ
440 676 603 758 τηλίκον
628 684 699 740 τοῦ
726 677 895 760 χρυσίου
922 675 1019 759 πρὸς
1040 676 1082 739 τὸ

60 765 227 845 τηλίκον
258 767 406 848 χαλκοῦ
435 761 604 847 μέγεθος
636 763 1083 848 ἀντιπαραβαλλόμενον

60 849 184 916 πλέον
217 851 338 930 δόξει·
367 851 463 917 ἀλλὰ
488 855 647 936 ποιήσει
677 854 766 918 τινὰ
794 853 919 939 ῥοπὴν
949 850 1013 917 καὶ
1041 853 1082 917 τὸ

59 944 218 1022 πλῆθος
239 939 304 1006 καὶ
327 942 369 1006 τὸ
391 939 569 1024 μέγεθος.

128 1027 347 1094 Favorinus
375 1050 503 1114 quoque
533 1030 748 1116 philosophus
780 1030 1004 1097 huiuscemodi
1036 1030 1083 1094 in·
1093 1046 1126 1096 ει

25 1117 268 1203 rodulgeutiam
291 1117 429 1204 gratiae,
451 1120 645 1205 tempestive
673 1120 783 1185 laxato
810 1120 945 1206 paulum
972 1119 1083 1184 remis·

56 1227 164 1318 suque
193 1207 308 1272 subtili
335 1207 481 1273 iustitiae
509 1209 671 1294 examine,
702 1209 755 1275 his
786 1211 894 1275 verbis
923 1208 1083 1274 definivit

56 1291 104 1359 H
112 1294 400 1380 καλουμένη
353 1321 467 1382 χαρις
484 1299 587 1382 παρὰ
605 1309 689 1375 τοῖς
703 1297 947 1383 ἀνθρώποις,
964 1298 1083 1363 τοῦτό

61 1382 220 1448 {orest
196 1401 340 1468 υφεσις
363 1385 568 1471 ἀκριβειας
590 1385 631 1452 ἐν
655 1385 795 1453 δέοντι.

128 1471 213 1538 Post
236 1473 349 1538 deinde
372 1474 459 1542 idem
480 1475 773 1561 Theophrastus
801 1477 841 1542 ed
870 1476 955 1542 hanc
982 1475 1084 1539 ferme
1095 1491 1129 1541 28

29 1561 262 1627 usententiam
293 1562 459 1629 disseruit:
496 1563 578 1630 ‘Has
605 1564 728 1630 tamen'
754 1565 861 1650 inquit
894 1565 1083 1650 ‘parvitates

62 1672 174 1715 rerum
200 1654 235 1716 et
262 1652 503 1739 magnitudines
536 1658 634 1738 atque
666 1653 726 1719 has
759 1676 871 1720 omnes
902 1653 1085 1718 officiorum

63 1739 311 1805 aestimationes
334 1741 399 1806 alia
420 1763 665 1827 nonnumquam
691 1747 857 1810 momenta
883 1741 1084 1807 extrinsecus

63 1832 163 1913 atque
188 1829 271 1894 aliae
294 1831 387 1915 quasi
411 1832 604 1917 appendices
622 1853 835 1918 personarum
858 1835 892 1895 et
914 1851 1086 1897 causarum

61 1921 96 1985 et
113 1923 302 2003 temporum
320 1924 353 1986 at
367 1921 631 1987 circumstantiae
648 1921 752 2007 ipsius
765 1919 987 2003 necessitates,
1005 1939 1086 2002 quas

32 2007 231 2075 ”includere
248 2008 284 2074 iu
301 2014 475 2095 praecepta
493 2010 668 2095 difficilest,
688 2011 899 2076 moderantur
916 2012 950 2075 et
967 2011 1087 2095 regunt

61 2100 96 2162 et
109 2097 208 2182 quasi
227 2097 411 2184 gubernant
424 2104 458 2164 et
470 2121 558 2165 nuuc
571 2104 660 2164 ratas
675 2099 831 2185 efficiunt,
843 2120 930 2164 nunc
948 2096 1086 2163 inritas’

129 2185 224 2252 Haeo
245 2186 389 2271 taliaque
407 2187 700 2274 Theophrastus
724 2189 804 2254 satis
826 2192 920 2254 caute
943 2191 977 2252 et
999 2185 1087 2252 solli·
1097 2201 1131 2251 aa

62 2275 128 2341 cite
148 2277 184 2339 et
202 2275 364 2362 religiose,
381 2299 456 2342 cum
474 2277 676 2342 discernendi
695 2279 801 2365 magis
820 2276 1086 2363 disceptandique

62 2363 238 2450 diligentia
256 2385 354 2449 quam
371 2388 446 2431 cum
464 2366 655 2432 decernendi
675 2367 837 2432 sententia
853 2371 949 2450 atque
968 2363 1088 2430 fiducia

25 2465 50 2512 u
63 2452 210 2538 scripsit,
224 2454 378 2537 quoniam
388 2454 535 2539 profecto
551 2477 722 2521 causarum
736 2479 773 2522 ac
787 2461 973 2542 temporum
987 2453 1087 2518 varie-

62 2547 152 2609 tates
181 2542 467 2628 discriminumque
491 2567 529 2610 ac
552 2544 808 2610 differentiarum
831 2543 1007 2610 tenuitates
1036 2542 1087 2606 de·

62 2636 194 2698 rectum
217 2636 314 2716 atque
338 2637 533 2718 perpetuum
555 2633 809 2718 distinctumque
836 2633 872 2698 in
898 2631 996 2696 rebus
1025 2630 1088 2696 sin-

64 2720 154 2808 gulis
186 2726 409 2806 praeceptum,
441 2722 528 2807 quod
554 2743 616 2809 ego
644 2744 705 2788 nos
732 2723 768 2787 in
793 2723 900 2808 prima
927 2725 1087 2787 tractatus

63 2809 164 2876 istius
187 2814 281 2894 parte
304 2809 485 2876 desiderare
510 2811 664 2896 dixeram,
686 2833 753 2876 uon
776 2812 918 2896 capiunt.

21 2911 52 2957 ⁸⁰
132 2897 217 2964 Eius
232 2903 342 2965 autem
356 2896 548 2986 Chilonis,
567 2923 587 2965 a
602 2922 667 2985 quo
681 2899 976 2986 disputatiunculae
990 2898 1087 2963 huius
1098 2911 1132 2960 30

63 2988 200 3054 initium
222 2987 369 3075 fecimus,
390 3010 465 3054 cum
488 2989 553 3054 alia
572 2990 729 3075 quaedam
748 2995 825 3055 sunt
845 2989 971 3054 monita
993 2987 1089 3052 utilia

64 3082 167 3162 atque
188 3077 375 3163 prudentia,
397 3082 469 3143 tum
491 3078 526 3143 id
553 3079 692 3144 maxime
720 3081 906 3165 exploratae
934 3076 1088 3142 utilitatis

63 3172 131 3251 est,
155 3166 242 3250 quod
265 3167 345 3232 duas
367 3166 586 3233 ferocissimas
616 3168 814 3234 adfectiones
843 3167 963 3233 amoris
991 3171 1088 3248 atque

64 3256 134 3322 odii
162 3255 250 3320 intra
271 3256 405 3321 modum
427 3261 560 3322 cautum
583 3258 735 3324 coercuit.
773 3255 867 3322 ‘Hac'
889 3256 997 3340 inquit
1019 3253 1089 3318 ‘fini

21 3362 51 3405 aa
64 3367 171 3428 ames,
199 3348 367 3429 tamquam
393 3345 479 3410 forte
507 3346 639 3412 fortuna
667 3351 700 3412 et
728 3368 858 3429 caurus,
887 3345 949 3410 hac
975 3343 1090 3408 itidem

64 3440 163 3501 tenus
188 3433 305 3518 oderis,
327 3439 496 3519 tamquam
518 3435 658 3502 fortasse
681 3441 758 3521 post
781 3432 969 3501 amaturus'.

134 3521 242 3608 Super
250 3522 313 3588 hoo
324 3523 438 3588 eodem
448 3521 610 3591 Chilone
625 3525 859 3593 Plutarchus
873 3520 1089 3609 philosophus
1101 3530 1134 3580 31
