2392 3886
554 147 600 201 III·
619 165 672 202 m·
1058 145 1119 210 141

361 314 442 376 tum
464 306 549 394 illa,
573 333 684 396 quam
706 311 1010 394 compresserat,

144 399 319 465 Decumo
338 404 572 484 postmense
586 400 723 465 exsisto
738 398 801 463 hic
815 397 971 482 peperit
985 395 1121 463 filiam.

98 523 175 588 Hoc
202 521 289 587 idem
317 522 418 588 tradit
445 523 545 588 etiam
572 521 795 606 Menander,
823 525 922 606 poeta
952 521 1149 606 vetustiore

98 612 320 678 humanamm
347 610 539 696 opinionum
566 612 618 676 vel
646 609 880 696 peritissimum
909 629 1021 674 versus
1052 609 1123 675 eius

72 718 202 786 ssuper
224 721 263 765 ea
284 722 320 765 re
342 699 382 765 de
404 699 517 765 fabula
539 698 677 766 Plocio
701 699 810 785 posui:

148 825 254 908 Γυνὴ
277 833 367 889 κυεῖ
387 824 479 889 δέκα
501 831 626 909 μῆνας
648 846 745 910 sss,

102 947 161 1014 sed
183 951 296 1013 noster
319 945 536 1032 Caecilius,
557 969 633 1013 oum
655 945 778 1013 faceret
801 949 914 1014 codem
937 947 1068 1013 nomine
1091 950 1152 1012 etl

103 1034 250 1102 eiusdem
274 1035 460 1122 argumenti
484 1036 685 1101 comoediam
704 1059 742 1102 ac
760 1037 915 1122 pleraque
933 1059 953 1102 a
970 1036 1125 1102 Menan-

103 1125 173 1190 dro
204 1130 363 1209 sumeret,
391 1125 427 1189 in
459 1124 626 1190 mensibus
656 1129 766 1190 tamen
796 1126 994 1212 genitalibus
1023 1123 1126 1190 nomi-

64 1214 221 1279 1onandis
251 1234 318 1278 non
344 1213 565 1299 praetermisit
593 1218 758 1300 octavum,
788 1237 885 1300 quem
913 1213 1126 1302 praeterierat

103 1302 323 1368 Menander.
369 1299 539 1368 Caecilii
561 1323 674 1368 versus
696 1302 769 1368 hice
793 1309 883 1369 sunt:

150 1425 217 1509 [A]
242 1417 449 1492 insoletne
472 1426 612 1492 mdlier
636 1424 785 1493 decimo
809 1427 937 1495 me‘nse
963 1427 1125 1515 parere?

582 1514 645 1597 [R]
669 1513 739 1580 ΡόΙ
761 1536 942 1602 nonoque

149 1581 283 1668 lltiam
307 1603 474 1689 septimo
498 1603 614 1689 sitque
638 1606 787 1669 octavo.

63 1742 91 1785 1⁵
105 1725 192 1793 Eam
209 1749 280 1793 rem
298 1724 514 1793 Caecilium
532 1748 600 1792 uon
617 1726 855 1794 inconsiderate
879 1728 998 1793 dixisse
1021 1746 1153 1812 nequeo

105 1819 228 1881 temere
252 1838 271 1881 a
294 1815 506 1881 Menandro
535 1820 633 1901 atque
663 1838 683 1880 a
709 1817 889 1883 multorum
917 1815 1126 1901 opinionibus

106 1904 291 1989 descivisse,
309 1904 353 1968 Μ.
371 1903 498 1970 Varro
521 1904 571 1970 uti
594 1905 763 1970 credamus
786 1904 874 1971 facit.
906 1903 994 1971 Nam
1016 1920 1154 1972 menses

104 2014 352 2079 nonnumquam
382 1998 499 2059 octavo
528 1993 653 2059 editum
688 2015 759 2059 esse
790 1998 923 2080 partum
951 1994 992 2059 in
1022 1993 1126 2061 libro

106 2086 247 2167 quarto
267 2081 414 2148 decimo
432 2103 560 2149 rerum
574 2082 792 2148 divinarum
806 2083 967 2186 scriptum
980 2082 1127 2169 reliquit;

64 2187 93 2228 ιο
107 2191 173 2256 quo
195 2170 231 2235 in
258 2169 343 2237 libro
373 2171 473 2236 etiam
500 2170 671 2237 undecimo
699 2193 809 2238 mense
837 2172 1012 2257 ahquando
1035 2172 1127 2238 nasci

105 2280 203 2345 posse
222 2259 388 2325 hominem
407 2259 496 2345 dicit,
513 2259 648 2345 eiusque
666 2261 846 2327 sententiae
865 2265 935 2326 tam
954 2261 993 2327 de
1011 2265 1126 2328 octavo

106 2370 206 2433 quam
240 2348 280 2414 de
317 2348 488 2415 undecimo
524 2369 635 2414 mense
666 2348 927 2415 Aristotelem
960 2354 1127 2416 auctorem

106 2436 228 2501 laudat.
275 2434 339 2501 Sed
356 2435 455 2501 huius
474 2438 513 2502 de
532 2458 643 2502 mense
662 2441 778 2503 octavo
797 2437 1009 2504 dissensionis
1028 2451 1152 2504 oausar

107 2524 263 2610 cognosci
280 2528 391 2609 potest
408 2525 449 2588 in
466 2525 571 2589 libro
585 2524 858 2610 Hippocratis,
877 2526 932 2611 qui
950 2526 1127 2612 inscriptus

67 2616 160 2678 nest
191 2610 282 2698 περὶ
308 2621 474 2698 τροφῆς,
509 2635 550 2678 ex
578 2634 643 2699 quo
676 2613 762 2679 libro
794 2614 893 2681 verba
923 2613 1005 2681 haec
1037 2619 1127 2682 sunt:

98 2699 233 2766 Ἔστιν
256 2696 298 2766 δὲ
322 2698 388 2766 καὶ
406 2700 477 2767 οὐκ
495 2702 669 2767 ἔστιντὰ
687 2701 897 2786 ὀκτάμηνα,
933 2702 972 2768 Id
986 2707 1055 2769 tam
1072 2705 1153 2769 olas

108 2811 202 2856 saure
237 2793 335 2874 atque
370 2789 516 2874 praecise
549 2793 609 2872 [et]
640 2795 809 2875 tamquam
838 2790 971 2856 adverso
1004 2792 1129 2858 dictum

109 2875 278 2944 Sabinus
302 2878 461 2963 medicus,
484 2878 540 2964 qui
563 2879 844 2964 Hippocratem
865 2880 1128 2947 commodissime

109 2971 350 3033 commentatus
374 2971 434 3052 est,
456 2966 565 3033 verbis
590 2967 669 3049 [ln's]
693 2967 871 3035 enarravit:
890 2966 1032 3035 Ἔστιν
1054 2965 1129 3054 μὲν

67 3072 95 3113 ³0
110 3059 336 3140 φαινόμενα
354 3055 405 3132 ὡς
424 3058 498 3134 ζῶα
515 3057 611 3140 μετὰ
628 3057 700 3140 τὴν
714 3058 921 3142 ἔκτρασιν·
935 3056 1006 3124 οὐκ
1019 3060 1129 3125 ἔστιν

109 3142 167 3224 δέ,
190 3147 421 3228 θνήσκοντα
448 3145 544 3229 μετὰ
570 3153 706 3210 ταῦτα·
733 3143 797 3211 καὶ
827 3147 937 3213 ἔστιν
964 3140 1037 3213 οὖν
1064 3144 1128 3212 καὶ

109 3232 181 3299 οὐκ
193 3235 322 3316 ἔστιν,
336 3235 538 3320 φαντασίᾳ
550 3229 622 3317 μὲν
635 3235 866 3314 παραυτίκα
884 3236 993 3318 ὄντα,
1008 3235 1127 3301 δυνά·

109 3344 172 3405 μει
196 3317 237 3387 δὲ
261 3319 405 3388 οὐκέτι.
811 3352 813 3356 ·

176 3408 340 3496 Antiquos
369 3415 479 3476 autem
501 3410 669 3475 Romanos
692 3409 815 3475 Varro
845 3411 925 3477 dicit
952 3433 1019 3476 non
1041 3423 1153 3478 rece-o

69 3512 96 3556 as
110 3496 197 3582 pisse
212 3498 436 3565 huiuscemodi
451 3498 545 3585 quasi
558 3504 784 3565 monstruosas
798 3499 960 3584 raritates,
974 3499 1031 3565 sed
1039 3521 1126 3565 nono
