2392 3886
85 155 129 222 32
364 154 543 211 CAPITVLA
559 156 628 211 LlB.
647 154 721 211 XVI.
740 153 826 210 XVII.

152 324 215 383 XV.
240 323 319 395 Quid
335 323 560 401 Theophrastus
579 323 690 383 mirum
708 323 744 384 de
763 322 936 400 perdicibus
955 324 1101 402 scriptum

85 413 241 490 reliquerit
264 415 295 472 et
318 413 391 489 quid
414 413 625 490 Theopompus
648 413 684 472 de
708 413 870 489 leporibus.

151 500 230 561 XVI.
253 494 457 580 ‘Agrippae’a
471 503 577 577 partus
591 501 675 579 aegri
689 504 720 561 et
729 501 899 578 inprosperi
911 500 1099 580 vitioappel·

85 590 283 668 latos3deque
293 590 341 649 his
350 589 472 668 deabus,
482 608 559 666 quae
568 593 716 650 vocantur
725 583 856 650 ‘Prorsa'
866 591 899 649 et
908 583 1100 651 ‘Postuertai

151 679 245 740 XVII.
279 679 362 750 Quae
384 679 463 739 ratio
485 677 626 738 vocabuli
649 679 690 738 sit
711 679 778 757 agri
800 677 951 738 Vaticani.

151 768 260 827 XVIII.
293 767 408 843 Lepida
430 767 578 844 quaedam
604 769 635 826 et
662 769 832 827 memoratu
858 769 890 827 et
917 765 1046 845 cognitu
1067 766 1098 828 de

85 859 171 933 parte
194 855 389 934 geometriae,
417 874 493 932 quae
517 849 645 931 ‘turra’
669 856 853 934 appellatur,
882 858 913 914 et
936 856 1013 916 Item
1035 856 1098 933 alia,

86 962 162 1021 quae
185 938 364 1021 “κοινονική’,
391 947 422 1003 et
449 943 541 1003 tertia
563 943 682 1021 itidem,
709 960 786 1021 quae
809 944 922 1004 dicitur
950 938 1098 1024 ‘petundi

85 1117 141 1180 Ari
153 1033 229 1091 XIX.
264 1032 392 1108 Sumpta
411 1032 538 1092 historia
557 1051 593 1091 ex
611 1032 758 1093 Herodoti
775 1033 853 1094 libro
872 1049 966 1108 super
982 1032 1098 1094 fidIcine

142 1139 206 1180 one.

250 1278 449 1339 CAPITVLA
471 1279 581 1338 LIBRI
604 1278 765 1339 SEPTIMI
786 1278 937 1340 DEClMI.

152 1385 175 1444 I.
205 1384 291 1455 Quod
310 1383 416 1444 Gallus
433 1383 557 1444 Asinius
580 1388 611 1445 et
629 1385 758 1463 Largius
776 1385 900 1445 Licinus
921 1386 1100 1447 sententian

85 1474 125 1532 M.
145 1472 296 1533 Ciceronis
318 1473 574 1549 reprehenderunt
596 1492 632 1532 ex
655 1473 803 1552 oratione,
830 1493 922 1551 quam
949 1474 1028 1536 dixit
1049 1492 1099 1553 pro

85 1562 124 1620 M.
149 1561 263 1637 Caeli03
296 1565 327 1621 et
357 1561 431 1639 quid
462 1561 607 1622 adversus
636 1562 772 1622 homines
804 1562 1019 1624 stolidissime
1048 1582 1099 1641 pro

88 1651 192 1710 eadem
216 1651 366 1711 sententia
386 1668 467 1711 mere
491 1651 640 1728 digneque
663 1651 724 1710 dici
746 1650 850 1727 possit.

152 1739 191 1799 H.
210 1739 310 1799 Verba
324 1740 472 1818 quaedam
485 1759 522 1800 ax
536 1739 569 1810 Q.
581 1739 689 1800 Claudi
707 1739 863 1799 annalium
876 1739 974 1815 primo
991 1741 1102 1801 curum

85 1828 117 1888 in
140 1828 267 1906 legendo
290 1832 404 1890 notata.

152 1917 206 1976 ΙΠ.
244 1917 344 1977 Verba
369 1918 408 1975 M.
427 1917 573 1977 Varronis
600 1934 637 1976 ex
663 1916 741 1976 libro
769 1916 875 1993 quinto
902 1919 934 1976 et
959 1917 1102 1978 vicennio
1140 1970 1142 1995 ,

86 2005 300 2081 humanarum,
333 2005 443 2082 quibus
475 2008 580 2064 contra
612 2003 783 2081 opinionem
809 2004 977 2082 volgariam
1010 2007 1103 2068 inter·
1139 2000 1142 2057 ἶ

87 2095 225 2171 pretatus
248 2096 295 2153 est
316 2094 440 2153 Homeri
461 2111 591 2153 versum.
1140 2148 1142 2155 .

154 2181 205 2240 IV.
239 2180 318 2251 Quid
335 2181 498 2240 Menander
518 2185 608 2259 poeta
625 2181 794 2241 Philemoni
812 2184 919 2258 poetae
943 2182 1064 2262 dixerit,
1087 2200 1106 2243 a

87 2289 147 2348 quo
167 2288 256 2346 saepe
278 2269 401 2347 indigne
418 2270 454 2329 in
470 2270 683 2330 conaminibus
701 2271 924 2330 comoediarum
942 2276 1105 2347 superatus

86 2362 146 2436 est3
175 2361 206 2418 et
233 2358 313 2436 quod
336 2359 508 2435 saepissime
531 2358 692 2435 Euripides
718 2360 750 2418 in
776 2359 934 2438 tragoedia
956 2359 996 2419 ab
1019 2361 1105 2439 igno-

88 2448 200 2508 bilibus
223 2448 321 2524 poetis
343 2447 443 2508 victus
466 2451 520 2508 est.

154 2537 190 2596 V.
222 2534 423 2613 Nequaquam
445 2555 509 2596 esse
531 2555 646 2614 verum,
669 2536 750 2613 quod
774 2535 901 2596 minutis
923 2535 1107 2612 quibusdam

88 2625 255 2684 rhetoricae
273 2625 440 2685 artificibus
457 2625 606 2701 rideatur,
621 2625 662 2683 M.
672 2625 845 2685 Ciceronem
863 2625 896 2684 in
909 2624 997 2703 libro,
1016 2645 1107 2704 quam

87 2714 125 2774 de
149 2713 283 2774 amicitia
300 2713 429 2792 scripsit,
451 2714 562 2774 vitioso
583 2717 762 2792 argumento
780 2730 880 2791 usum,
903 2710 1107 2793 ἀμφισβητού·

87 2823 180 2880 μενον
189 2800 255 2863 ἀντὶ
264 2798 503 2883 ὁμολογουμένου
513 2802 662 2880 posuisss;
675 2805 834 2881 totumque
844 2802 877 2861 id
886 2802 1106 2865 consideratius

88 2894 256 2952 tractatum
277 2891 535 2969 exploratumque.

155 2980 207 3040 VI.
229 2979 355 3040 Falsum
368 2998 441 3060 esse,
458 2980 538 3058 quod
547 2978 673 3042 Verrius
686 2980 813 3041 Flaccus
826 2979 858 3038 iu
872 2978 950 3040 libro
965 2981 1107 3060 secundo,

87 3087 165 3171 quos
183 3068 220 3129 de
239 3068 374 3130 obscuris
391 3069 431 3132 M.
445 3068 568 3130 Catonis
588 3068 821 3148 componique
839 3086 926 3129 servo
944 3070 1106 3148 recepticio
1140 3066 1142 3085 ²

88 3158 183 3235 script
183 3177 237 3218 um
258 3158 390 3235 reliquit
1140 3166 1142 3203 ³

156 3247 222 3306 VII.
250 3246 351 3307 Verba
372 3247 448 3307 haec
467 3266 504 3309 ex
520 3247 628 3308 Atinia
644 3248 723 3326 lege:
747 3240 864 3317 Quod
887 3202 1107 3324 subruptum

89 3334 174 3412 erit
197 3329 860 3410 eiusreiceternaauctoritasesto'‚
875 3334 1142 3414 PNigidiost

90 3423 122 3494 Q.
139 3423 300 3484 Scaevolae
318 3424 385 3484 visa
404 3442 468 3485 esse
486 3444 547 3486 non
564 3425 664 3486 minus
682 3425 719 3486 de
732 3424 897 3502 praeterito
911 3424 995 3484 firrto
1016 3444 1108 3505 quam

90 3511 254 3574 defuturo
278 3513 400 3575 cavisse.
440 3557 443 3561 ψ
473 3556 476 3562 -
1095 3540 1099 3549 ·
