2392 3886
113 143 156 210 68
531 141 552 197 L
570 158 646 196 mn.
664 158 720 195 m.

82 327 99 376 a
176 305 287 370 Verba
300 305 373 389 ipsa
387 326 484 389 super
498 326 537 368 ea
550 325 585 368 re
597 302 788 368 Varronis
802 302 985 387 posuimus:
1003 301 1046 367 In
1059 324 1127 387 quo

108 393 295 459 L.Aelius
313 398 463 479 noster,
480 392 632 457 litteris
651 391 929 457 ornatissimus
948 392 1128 457 memoria

107 487 260 570 nostra,
288 482 436 547 erravit
462 481 714 565 aliquotiens.
755 478 852 545 Nam
874 479 1031 564 aliquot
1052 502 1128 546 ver-

106 573 244 637 borum
268 570 503 637 Graeoorum
526 569 807 654 antiquiorum,
828 568 993 655 proinde
1018 574 1128 654 atque

109 665 241 726 essent
272 660 435 748 propria
461 663 612 743 nostra,
638 657 809 723 reddidit
836 679 974 723 causas
1002 657 1158 724 falsast

107 748 194 816 Non
213 749 408 835 ‘leporem’
428 747 608 832 dicimus,
625 751 668 811 ut
687 747 756 831 ait,
775 744 876 830 quod
894 750 955 811 est
968 746 1129 833 levipes,

108 840 175 905 sed
211 839 313 923 quod
353 842 414 902 est
454 836 687 902 vocabulum
727 835 899 901 anticum
936 833 1128 903 Graecum

107 927 232 992 Multa
254 931 387 992 vetera
409 926 570 991 illorum
588 925 836 1011 ignorantur,
858 924 959 1008 quod
977 947 1050 1010 pro
1073 925 1129 991 his

109 1015 200 1080 aliis
228 1036 328 1080 nuno
356 1014 558 1081 vocabulis
586 1016 765 1099 utuntur3
796 1017 835 1078 et
860 1012 1023 1079 illorum
1051 1036 1129 1081 esse

107 1103 284 1188 plerique
298 1104 482 1189 ignorent
493 1101 713 1188 ‘Graecum',
722 1101 810 1185 quod
821 1103 1130 1168 nunonominant
1140 1123 1159 1165 o

109 1190 314 1276 “Illique',
348 1191 538 1276 ‘puteum’,
565 1192 666 1277 quod
692 1194 834 1256 vocant
861 1189 1034 1276 ‘podao',
1067 1191 1130 1257 ‘le-

107 1280 265 1368 porem',
284 1280 385 1365 quod
406 1278 587 1364 ‘tayoodv'
607 1279 751 1345 dieunt.
783 1279 828 1344 In
842 1299 916 1363 quo
929 1300 1009 1344 non
1022 1280 1129 1346 modo

108 1370 213 1435 Aelii
231 1369 432 1456 ingenium
449 1388 525 1433 non
542 1367 796 1454 reprehendo,
815 1367 880 1433 sed
898 1367 1130 1435 industriam

108 1459 237 1524 laudo:
266 1480 470 1524 suooessus
499 1458 600 1522 enim
625 1457 823 1542 fortunae,
849 1456 1129 1541 experientiam

108 1548 193 1612 laus
218 1546 406 1630 sequitur.
1140 1564 1158 1605 n

83 1656 99 1704 3
175 1635 266 1701 Haeo
280 1635 403 1701 Varro
423 1635 463 1699 in
481 1634 650 1721 primore
669 1634 772 1700 libro
791 1620 933 1719 doripsit,
951 1635 992 1699 de
1006 1635 1129 1701 ratione

108 1726 342 1792 vocabulorum
365 1724 549 1808 scitissime,
572 1724 611 1789 de
638 1745 701 1788 usu
728 1723 899 1807 utriusque
923 1722 1058 1810 linguae
1081 1746 1130 1810 pe

81 1814 274 1901 mitissime,
292 1815 331 1879 de
349 1815 422 1899 ipso
435 1813 549 1879 Aelio
569 1812 828 1877 clementissime.
863 1810 926 1877 Sed
944 1811 984 1876 in
1002 1819 1130 1898 poste·

109 1904 213 1969 riore
246 1903 418 1969 eiusdem
449 1901 543 1966 libri
574 1906 686 1986 parte
718 1900 873 1967 ‘furem’
906 1900 986 1965 dicit
1018 1924 1064 1967 ex
1089 1923 1129 1968 eo

109 1993 270 2076 dietum,
298 1991 395 2074 quod
425 1995 578 2054 veteres
605 1988 771 2055 Romani
794 1988 977 2055 ‘furvum’
1006 1994 1161 2057 arruns

110 2079 398 2165 appellaverint
413 2083 450 2142 et
464 2078 570 2143 fures
585 2100 652 2163 per
669 2083 837 2165 noctem,
855 2100 950 2163 quae
965 2084 1053 2144 atra
1067 2080 1131 2165 sit,

84 2167 271 2237 tfaoilius
291 2167 479 2231 furentur.
511 2165 629 2231 Nonne
649 2167 696 2232 sio
710 2167 839 2233 videtur
850 2165 975 2232 Varro
995 2168 1034 2232 de
1053 2168 1132 2253 fure,

109 2262 278 2340 tamquam
306 2254 442 2320 Aelius
471 2256 510 2320 de
541 2256 675 2340 lepore?
715 2255 802 2322 Nam
835 2257 922 2340 quod
952 2279 971 2320 a
1000 2255 1130 2331 Graecis

109 2367 196 2410 nuno
216 2342 377 2428 ‘utimr’
397 2344 527 2430 dieitur,
550 2344 733 2428 antiquiore
753 2344 877 2411 Graeca
899 2345 1013 2432 lingua
1033 2344 1131 2432 ‘otro'

110 2434 234 2499 dietum
253 2437 312 2498 est.
344 2432 430 2498 Hine
448 2455 507 2518 per
526 2433 729 2500 adfinitatem
744 2435 940 2520 litterarum,
958 2435 1015 2518 qui
1033 2433 1130 2520 ‘piro’
1143 2450 1164 2492 w

84 2521 249 2608 oGraeoe,
276 2526 326 2586 est
353 2520 471 2586 Latine
500 2520 585 2586 ‘furt
628 2519 691 2587 Sed
719 2545 757 2587 ea
784 2546 835 2588 res
863 2522 1027 2609 fugeritne
1055 2527 1133 2590 tuno

109 2610 300 2677 Varronis
319 2611 520 2694 memoriam,
538 2632 582 2674 an
599 2615 714 2677 eontra
728 2612 837 2697 aptius
855 2617 890 2676 et
907 2611 1132 2678 cohaerentias

109 2700 250 2785 putarit,
272 2697 401 2763 ‘furem'
425 2722 445 2764 a
468 2697 600 2784 ‘furvo',
626 2699 661 2764 id
688 2705 739 2765 est
767 2701 878 2788 nigro,
906 2700 1079 2788 appellari,
1099 2702 1134 2767 in

110 2787 172 2855 hae
199 2810 234 2853 re
257 2789 296 2852 de
324 2787 395 2853 viro
423 2793 492 2854 tam
520 2788 708 2854 excellentis
736 2789 903 2855 doetrinae
929 2810 997 2853 non
1024 2813 1133 2857 meum

110 2877 266 2943 iudicium
289 2880 348 2941 est.
1144 2895 1167 2938 s

575 3017 663 3083 XIX.

111 3120 238 3176 Historia
257 3137 341 3190 super
359 3119 441 3174 libris
460 3120 609 3189 Sibyllinis
629 3138 662 3176 ao
681 3121 717 3176 de
736 3121 891 3192 Tarquinio
912 3122 1037 3192 Superbo
1057 3140 1132 3197 rege.

87 3250 102 3299 1
179 3231 220 3294 In
247 3229 422 3314 antiquis
456 3230 667 3295 annalibus
699 3232 857 3297 memoria
889 3253 985 3316 super
1017 3232 1133 3301 libris

85 3318 323 3405 aSibyllinis
347 3319 427 3384 haeo
451 3318 582 3402 prodita
605 3323 668 3384 est:
692 3318 783 3384 Anus
809 3320 942 3406 hospita
965 3324 1066 3405 atque
1088 3323 1135 3388 in·

113 3408 246 3494 cognita
265 3409 305 3472 ad
324 3407 538 3491 Tarquinium
561 3404 744 3492 Superbum
767 3431 878 3495 regem
901 3408 992 3494 adiit,
1014 3424 1170 3479 novema

112 3497 214 3561 libros
229 3495 346 3581 ferens,
364 3517 446 3580 quos
462 3516 532 3560 esse
546 3495 675 3562 dicebat
689 3496 799 3562 divina
813 3498 957 3584 oracula,
976 3519 1032 3563 eos
1051 3502 1136 3568 velle
