2392 3886
470 149 504 206 11
522 167 641 248 amma
1015 155 1058 223 89

38 320 79 382 nt
102 313 297 381 accersitum
319 314 442 400 venire,
471 314 627 399 quoniam
648 320 682 381 et
703 316 784 383 haec
807 322 840 384 et
863 317 915 383 his
939 317 1060 384 similia

39 427 99 492 per
130 423 201 469 sese
230 403 303 490 ipsa
324 424 430 488 neque
459 403 599 471 honesta
621 410 697 470 sunt
720 427 824 490 neque
847 408 972 493 turpia,
994 408 1061 492 aed,

40 493 179 580 proinde
201 497 240 558 ut
262 492 401 559 anobis
424 497 582 580 aguntur,
610 493 660 559 ita
684 494 765 580 ipsis
796 496 979 561 actionibus
1003 501 1060 562 aut

36 583 214 671 'probanda
235 581 320 648 fiunt
342 586 401 648 aut
422 581 697 668 reprehendenda:
723 590 897 669 propterea
920 584 957 649 in
978 586 1061 651 eius·

13 671 135 739 emodi
164 671 311 737 omnium
339 692 449 737 rerum
479 671 652 757 generibus
679 674 766 758 patri
789 673 968 759 parendum
990 695 1061 739 esse

41 764 195 846 censent,
216 759 319 827 veluti
341 759 370 825 si
391 781 527 827 uxorem
556 760 672 827 ducere
699 762 839 849 imperet
866 767 924 829 aut
947 783 1061 828 causas

40 873 103 938 pro
126 850 192 916 reis
215 850 330 917 dicere.
366 847 461 926 Quod
483 849 571 915 enim
592 854 766 936 utrumque
789 851 825 917 in
848 873 966 940 genere
988 852 1107 937 ipson

40 963 101 1028 per
126 962 197 1005 sese
219 960 324 1024 neque
345 938 521 1004 honestum
543 960 648 1023 neque
671 944 766 1027 turpe
789 945 853 1028 eat,
875 941 1011 1027 idcirco,
1033 941 1061 1007 si

41 1035 139 1117 pater
160 1029 283 1114 iubeat,
305 1028 548 1112 obsequendum
571 1033 630 1093 est.
671 1027 736 1095 Sed
762 1030 849 1096 enim
873 1030 901 1096 si
923 1030 1107 1114 imperetto

9 1136 29 1179 o
40 1140 181 1185 uxorem
197 1118 315 1185 ducere
333 1115 499 1204 infamem,
516 1118 758 1206 propudioaam,
776 1119 985 1186 criminosam
1005 1125 1064 1186 aut

42 1230 104 1295 pro
137 1228 194 1273 reo
233 1204 376 1273 Catilina
406 1207 516 1292 aliquo
549 1211 607 1272 aut
635 1207 763 1273 Tubulo
796 1213 854 1275 aut
882 1207 918 1274 P.
946 1206 1062 1275 Clodio

43 1319 180 1365 oausam
201 1296 322 1383 dicere,
343 1318 411 1362 non
434 1296 558 1362 scilicet
581 1297 775 1383 parendum,
798 1298 953 1381 quoniam
976 1319 1064 1365 acce

43 1387 142 1453 dente
173 1385 283 1472 aliquo
312 1385 526 1472 turpitudinis
554 1407 690 1452 numero
719 1387 872 1453 desinunt
901 1408 972 1453 esse
1005 1408 1064 1473 per

45 1498 117 1542 sese
139 1475 221 1541 haec
242 1475 350 1542 media
367 1479 466 1559 atque
484 1473 710 1540 indifferentia.
742 1473 819 1541 Non
837 1497 916 1563 ergo
934 1477 1064 1563 integra
1073 1480 1105 1532 21

10 1582 30 1623 o
45 1570 97 1631 est
119 1563 304 1651 propositio
327 1563 505 1630 dicentium
528 1562 599 1629 ‘aut
620 1564 760 1629 honesta
782 1570 873 1650 sunt,
900 1588 983 1650 quae
1005 1566 1065 1630 im·

44 1658 140 1740 perat
169 1658 277 1739 pater,
312 1658 370 1719 aut
399 1650 530 1739 turpia',
557 1675 663 1737 neque
692 1649 803 1735 ὑγιὲς
829 1659 864 1718 et
890 1657 1107 1739 vcpapovw

46 1739 329 1827 διεζευγμένον
352 1741 457 1809 videri
476 1745 595 1826 potest.
637 1740 739 1806 Deest
761 1742 848 1807 enim
871 1741 1065 1807 diiunctioni

45 1831 103 1896 isti
133 1831 284 1896 tertium:
314 1829 383 1896 ‘aut
411 1851 516 1914 neque
545 1830 685 1895 honesta
708 1836 785 1895 aunt
808 1851 912 1913 neque
935 1829 1064 1915 turpia'.

46 1919 142 1997 Quod
166 1919 194 1984 si
218 1918 364 2004 additur,
390 1939 457 1983 non
484 1923 595 2002 potest
618 1919 667 1983 ita
689 1918 852 1985 concludi:
876 1917 1065 2003 ‘numquam

10 2043 33 2085 ω
46 2015 98 2075 est
121 2009 225 2095 igitur
246 2009 334 2092 patri
355 2007 555 2092 parendum'.

511 2217 603 2285 VIII.

46 2343 129 2411 Quod
147 2358 249 2412 parum
271 2357 363 2411 aequa
385 2339 573 2422 reprehensio·
585 2339 701 2422 Epicuri
724 2357 742 2396 a
758 2339 910 2399 Plutarcho
933 2342 1011 2397 facta
1030 2342 1068 2398 sit

359 2411 390 2466 in
409 2411 576 2481 synlogism1
594 2411 754 2491 disciplina.

117 2538 354 2605 Plutarchus
378 2539 546 2604 secundo
575 2538 782 2625 librorum,
812 2560 894 2623 quos
918 2539 962 2604 de
990 2537 1067 2603 Ho·
1096 2559 1110 2610 1

11 2647 154 2697 umero
178 2629 379 2714 composuit,
406 2626 584 2712 inperfecte
613 2632 711 2710 atque
738 2632 945 2712 praepostere
969 2633 1067 2712 atque

46 2718 169 2784 inscite
199 2717 401 2804 synlogismo
432 2738 503 2782 esse
532 2738 629 2781 usum
656 2716 867 2800 Epicurum
898 2716 978 2782 dicit
1000 2738 1069 2782 ver·

48 2808 158 2892 baque
175 2806 250 2892 ipsa
272 2805 433 2892 Epicuri
451 2805 558 2891 ponit:
579 2805 622 2870 ‘0
643 2804 818 2881 θάνατος
836 2801 954 2870 οὐδὲν
972 2807 1069 2891 πρὸς

49 2895 166 2981 ἡμᾶς·
183 2896 226 2960 τὸ
244 2896 319 2980 γὰρ
337 2891 532 2960 διαλυθὲν
550 2888 801 2976 ἀναισθητεῖ·
826 2894 869 2959 τὸ
892 2889 933 2958 δὲ
957 2887 1068 2959 douc-

50 2991 231 3068 σθητοῦν
255 2979 374 3050 οὐδὲν
396 2985 494 3069 πρὸς
516 2979 623 3067 ἡμᾶς.
655 2979 753 3046 ‘Nam
771 2980 1003 3066 praetermisit'
1022 2982 1069 3045 in·
1096 3001 1112 3051 2
1140 2998 1146 3007 '

14 3089 40 3130 ⁸⁰
72 3074 125 3139 uit
144 3073 244 3158 ‘quod
261 3073 298 3137 in
314 3072 422 3158 prima
439 3075 533 3157 parte
552 3091 679 3135 sumere
698 3071 820 3156 debuit,
839 3071 899 3136 adv
917 3070 1069 3135 θάνατον

48 3097 139 3229 ilem
157 3170 266 3246 ψυχῆς
287 3159 344 3227 καὶ
367 3162 518 3245 σώματος
540 3159 707 3243 διάλυσιν,
731 3164 803 3224 tum
820 3158 936 3229 deinde
955 3159 1068 3223 eodem
1098 3179 1114 3228 3

49 3252 134 3338 ipso,
158 3250 245 3335 quod
265 3250 429 3334 omiserat,
452 3248 545 3334 quasi
568 3248 677 3333 posito
696 3269 915 3332 concessoque
938 3248 978 3313 ad
997 3268 1070 3312 con-

50 3339 248 3405 firmandum
274 3339 362 3404 aliud
384 3339 498 3404 utitur.
543 3336 701 3424 Progredi
729 3341 839 3403 autem
866 3335 933 3400 hic'
960 3335 1069 3419 inquit
1098 3357 1115 3404 4

939 3423 950 3452 2

52 3428 298 3516 ‘synlogismua
314 3428 379 3493 nisi
402 3427 460 3492 illo
484 3426 575 3511 prius
598 3427 717 3511 posito,
739 3447 806 3490 non
828 3430 938 3510 potest

17 3532 41 3575 ἣ
118 3517 207 3583 Vere
236 3517 300 3584 hoc
335 3516 465 3601 quidem
494 3514 732 3580 Plutarchus
763 3514 802 3579 de
835 3514 941 3578 forma
973 3517 1071 3594 atque
1100 3530 1116 3578 a
