2392 3886
507 148 714 207 PRAEFATIO
1097 151 1119 218 3

96 313 201 380 furari
234 311 339 378 otium
370 312 477 398 potui,
510 313 671 379 exercitus
702 313 911 398 defessusque
943 336 1030 400 sum,
1062 314 1118 382 sed

96 402 227 470 modica
256 423 296 466 ex
324 400 376 466 his
404 422 506 486 caque
533 402 605 468 sola
633 403 756 489 accepi,
787 423 870 487 quae
897 408 954 468 aut
986 403 1120 490 ingenia
1158 426 1161 433 ·

97 495 251 578 prompta
265 489 478 576 expeditaque
493 489 534 556 ad
551 490 708 557 honestae
722 490 914 557 eruditionis
933 492 1118 579 cupidinem

96 581 293 665 utiliumque
303 579 423 644 artium
432 579 740 666 contemplationem
755 580 851 646 celeri
865 579 1019 665 facilique
1032 601 1117 648 corn·

78 669 215 756 apendio
238 669 396 734 ducerent
422 672 480 734 aut
502 666 651 735 homines
675 669 748 735 aliis
774 669 842 735 iam
864 669 952 735 vitae
974 670 1117 757 negotiis

97 762 272 845 occupatos
292 779 313 822 a
330 757 418 843 turpi
442 761 529 822 certe
548 758 734 845 agrestique
756 779 865 824 rerum
884 763 983 843 atque
1006 759 1118 824 verbo

96 870 167 913 rum
189 845 357 931 imperitia
378 845 588 912 vindicarent.

160 935 257 1012 Quod
276 938 371 999 erunt
388 939 498 1000 autem
516 935 552 1000 in
569 935 622 1000 his
637 936 879 1001 commentariis
897 958 1002 1021 pauca
1020 957 1115 1021 quae
1127 953 1161 1004 18

96 1025 169 1090 darn
196 1023 390 1109 scrupulosa
416 1029 449 1088 et
475 1024 587 1109 anxia,
614 1024 665 1089 vel
689 1045 728 1088 ex
756 1024 970 1111 grammatica
995 1025 1047 1091 rel
1075 1047 1116 1090 ex

68 1113 267 1179 redielectica
284 1113 336 1177 vel
358 1112 458 1177 etiam
476 1132 516 1177 ex
535 1113 725 1199 geometria,
747 1113 899 1198 quodque
917 1118 1013 1178 erunt
1034 1115 1115 1179 item

95 1201 234 1287 paucula
247 1201 424 1266 remotiora
441 1222 540 1287 super
557 1202 696 1288 augurio
711 1203 782 1267 iure
800 1206 835 1267 et
851 1202 1032 1289 pontificio,
1048 1223 1116 1268 nou

97 1295 226 1376 opum&
249 1312 288 1355 ea
310 1289 471 1376 defugere,
493 1290 588 1374 quasi
611 1295 669 1356 aut
692 1291 828 1393 cognitu
849 1311 918 1356 non
939 1291 1036 1356 utilia
1057 1296 1115 1357 aut

95 1383 249 1465 perceptu
271 1379 426 1444 difficilia
471 1377 549 1444 Nou
571 1378 658 1445 eninr
686 1380 822 1445 fec1mus
852 1379 937 1445 altos
959 1380 1058 1445 nimis
1082 1384 1116 1446 et

97 1469 251 1534 obscuros
269 1467 305 1532 in
323 1467 375 1532 his
394 1466 492 1532 rebus
511 1468 738 1551 quaestionum
757 1469 858 1553 sinus,
876 1469 932 1534 sed
950 1469 1113 1553 primitias

68 1556 253 1645 pquasdam
276 1560 309 1621 et
332 1556 425 1641 quasi
448 1555 626 1621 libamenta
647 1557 863 1643 ingenuarum
886 1557 1006 1622 artium
1029 1557 1115 1622 dedi-

68 1656 72 1697 1
96 1667 176 1731 mus,
199 1665 283 1729 quae
301 1642 407 1710 virum
430 1644 570 1710 civiliter
588 1645 752 1712 eruditum
769 1666 874 1729 neque
893 1645 1021 1710 audisse
1045 1667 1114 1711 um·

68 1702 72 1797 i
97 1754 193 1818 quam
214 1755 319 1817 neque
343 1732 503 1819 attigisse,
524 1734 554 1798 si
576 1754 644 1799 non
666 1733 793 1818 inutile,
815 1737 850 1798 at
873 1734 1003 1817 quidem
1027 1738 1113 1798 certe

68 1820 283 1931 'indecorum
304 1826 363 1887 est.
409 1821 463 1886 Ab
490 1821 542 1887 lris
565 1822 681 1909 igitur,
709 1821 815 1888 sicud
842 1821 928 1887 forte
955 1836 1159 1887 nonnum-14

68 1932 75 1981 f
98 1931 194 1994 quarn
220 1915 349 1996 tempus
371 1910 587 1996 voluptasque
615 1911 678 1976 erit
704 1910 1005 1977 lucubratiunculas
1032 1911 1114 1978 istas

69 1992 300 2086 'cognoscere
321 1999 463 2086 petitum
484 1999 759 2086 impetratumque
777 2000 937 2086 volumus,
958 1999 1049 2066 utin
1071 2000 1115 2066 le

68 2092 84 2175 l,-
99 2088 200 2174 gendo
219 2109 301 2172 quac
318 2089 444 2174 pridem
459 2088 592 2154 scierint
609 2109 677 2154 non
690 2092 905 2176 aspernentur
922 2089 1016 2175 quasi
1034 2094 1115 2156 nota

69 2176 334 2264 tinudgataque.
379 2176 466 2242 Nam
493 2177 609 2261 ecquid
638 2183 707 2244 tam
736 2183 899 2244 remotum
930 2179 966 2243 in
993 2177 1112 2244 litteris
1124 2190 1158 2240 15

68 2270 157 2352 cest,
184 2266 265 2350 quin
291 2266 325 2330 id
350 2271 462 2331 tamen
491 2265 704 2351 complusculi
727 2267 854 2335 sciant?
886 2272 920 2332 ct
948 2267 1028 2331 satis
1051 2266 1114 2332 hoc

68 2364 91 2404 ³³
99 2353 250 2420 blandum
269 2359 328 2441 est,
348 2375 416 2419 non
433 2375 505 2420 esse
527 2354 607 2421 haec
625 2375 729 2440 neque
749 2357 785 2422 in
803 2354 923 2422 scholis
942 2356 1115 2421 decantata

68 2432 197 2528 3ineque
233 2445 269 2508 in
298 2442 539 2508 commentariis
575 2445 725 2529 protrita.
776 2443 865 2521 Quae
900 2465 999 2529 porro
1028 2454 1158 2509 novale

68 2543 90 2620 ξ·
117 2531 156 2596 ‘bi
178 2533 357 2619 ignotaque
380 2531 587 2618 offenderint,
609 2554 749 2617 aequum
771 2554 842 2599 esse
864 2536 960 2617 puto,
982 2536 1020 2597 ut
1044 2531 1113 2596 sine

68 2630 96 2670 ¹st
120 2641 177 2685 ano
197 2620 382 2687 obtrectatu
401 2620 615 2707 considerent,
637 2644 680 2687 an
697 2621 842 2687 minutae
864 2621 947 2686 istae
971 2620 1114 2685 admoni-

68 2701 98 2759 ssi
117 2707 199 2774 'ones
219 2714 253 2775 et
269 2710 466 2795 pauxillulae
484 2730 690 2794 nequaquam
703 2714 815 2776 tamen
829 2710 895 2775 sint
908 2707 960 2774 vel
974 2709 1015 2773 ad
1028 2708 1114 2774 alen·

68 2807 93 2886 [0
120 2818 170 2862 um
194 2799 339 2865 studium
356 2821 470 2865 vescae
487 2798 600 2864 velud
623 2799 852 2865 oblectandum
874 2797 1113 2882 fovendumque

68 2894 103 2975 q(
139 2887 145 2900 ‘
180 2910 239 2952 um
261 2887 409 2974 frigidae,
432 2889 488 2953 sed
511 2886 581 2951 eius
604 2887 737 2953 seminis
762 2887 952 2975 generisque
976 2885 1052 2971 sint,
1074 2908 1115 2950 ex

68 2968 157 3054 qi'quo
184 2975 281 3041 facile
305 2976 493 3042 adolescant
516 2980 573 3041 aut
595 2976 727 3062 ingenia
754 2975 923 3042 hominum
946 2974 1114 3060 vegetiora

68 3068 152 3152 Qut
172 3065 332 3131 memoria
357 3064 623 3131 adminiculatior
644 3069 702 3129 aut
730 3065 836 3131 oratio
864 3062 1029 3130 sollertior
1056 3067 1113 3126 aut

68 3160 199 3218 mermo
218 3154 439 3241 incorruptior
458 3158 515 3219 aut
533 3152 705 3220 delectatio
723 3153 759 3218 in
778 3154 847 3219 otio
866 3157 964 3235 atque
982 3150 1019 3214 in
1035 3150 1113 3215 ludo

68 3234 266 3308 zt'beralior.
313 3242 402 3320 Quae
431 3247 541 3309 autem
563 3262 679 3327 parum
706 3241 806 3327 plana
831 3240 1028 3307 videbuntur
1055 3243 1112 3304 aut
1123 3249 1155 3300 1‘1

68 3340 83 3381 θ
131 3329 137 3343 ’
160 3354 198 3397 ue
223 3333 321 3418 plena
338 3333 572 3417 instmotaque,
594 3331 745 3418 petimus,
767 3332 911 3416 inquam,
933 3331 971 3392 ut
990 3349 1114 3392 eonon

68 3425 113 3468 '11³
137 3422 228 3488 cendi
258 3421 364 3508 magis
388 3444 485 3506 quam
508 3417 702 3486 admonendi
726 3420 834 3506 gratia
856 3418 979 3502 scripta
1005 3415 1113 3481 existi-

68 3514 113 3558 *Ut
131 3516 182 3576 ent
209 3515 258 3598 et,
291 3511 383 3595 quasi
412 3507 689 3576 demonstratione
716 3508 931 3595 vestigiorum
959 3505 1113 3592 contenti,

118 3624 121 3643 ι
921 3612 952 3670 q*

88 3792 109 3853 l
