2392 3886
125 157 171 223 54
597 155 618 211 1.
637 173 673 210 rx.

86 308 96 325 ⁹
126 319 344 403 difficillimas,
363 323 470 384 tacere
490 317 674 401 audireque,
692 321 791 400 atque
806 336 876 380 esse
890 314 958 379 iam
973 318 1141 398 coeperant

126 409 256 474 silentio
280 408 407 492 eruditi,
430 407 482 473 cui
501 411 571 471 erat
593 428 714 470 nomen
736 402 933 488 ‘dxepvda'a’,
957 407 1032 468 tum
1049 403 1142 468 verba

125 498 230 563 facere
254 502 287 563 et
310 518 463 582 quaerere
482 516 628 580 quaeque
651 494 819 560 audissent
842 492 985 558 scribere
1008 496 1044 556 et
1067 512 1140 576 quae

99 586 189 671 oipsi
205 587 413 671 opinarentur
432 605 619 670 expromere
638 587 784 669 potestas
804 585 887 667 erat,
905 581 941 647 hi
955 580 1141 646 dicebantur

124 676 160 740 in
183 698 221 740 eo
245 681 390 761 tempore
420 672 688 759 ‘patpporrxot',
717 670 834 737 abhis
858 670 986 736 scilicet
1012 670 1168 753 artibusr

125 788 205 850 quas
214 766 286 830 iam
300 766 423 830 discere
439 769 535 846 atque
550 761 700 827 meditari
713 761 974 846 inceptauerant:
993 759 1141 848 quoniam

125 854 353 940 geometriam,
383 852 626 938 gnomonicam,
654 849 814 915 musicam
844 853 1035 934 ceterasque
1070 849 1140 914 item

125 942 312 1025 disciplinas
336 941 469 1007 altiores
493 938 696 1026 ‘proripere’
719 942 845 1006 veteres
866 937 984 1004 Graeci
1007 938 1140 1024 appella

125 1031 219 1117 bant3
247 1030 365 1116 vulgus
394 1036 517 1116 autem,
545 1051 627 1114 quos
656 1028 824 1115 gentilicio
851 1028 1013 1094 vocabulo
1039 1024 1140 1092 ‘Chal-

100 1120 235 1188 'tdaeos’
254 1119 359 1185 dicere
379 1123 518 1204 oportet,
536 1116 810 1183 ‘mathematicos’
824 1116 912 1182 dicit.
948 1116 1079 1181 Exinde
1095 1115 1168 1180 hiso

126 1209 280 1274 scientiae
309 1208 425 1273 studiis
454 1207 561 1272 ornati
589 1207 631 1271 ad
656 1205 881 1291 perspicienda
906 1205 1022 1270 mundi
1051 1224 1140 1290 opert

126 1301 159 1362 et
181 1297 342 1382 principia
362 1302 498 1362 naturae
520 1296 740 1381 procedebant
764 1316 801 1359 ac
827 1299 906 1360 tune
929 1293 1071 1378 denique
1092 1314 1140 1358 no

126 1387 335 1452 minabantur
358 1385 532 1470 ‘poccaot'.
985 1414 988 1421 ·

101 1491 117 1541 8
194 1475 285 1540 Haec
317 1475 429 1539 eadem
462 1495 558 1558 super
590 1472 815 1561 Pythagora
849 1476 963 1537 noster
994 1471 1138 1536 Taurus

126 1586 201 1629 cum
223 1563 372 1629 dixisset:
403 1562 500 1629 ‘nunc
524 1562 655 1645 antcm',
682 1562 800 1647 inquit,
828 1560 905 1647 nan,
933 1560 991 1644 qui
1013 1563 1167 1646 tepenter!

125 1653 262 1737 pedibus
285 1652 397 1717 inlotis
422 1653 462 1716 ad
484 1650 698 1736 philosophos
719 1653 898 1734 devertunt,
920 1670 988 1713 non
1010 1655 1063 1715 est
1084 1649 1139 1715 hoc

127 1742 216 1828 satis,
239 1743 326 1827 quod
349 1746 425 1806 sunt
449 1741 581 1806 omnino
605 1739 803 1824 ἀθεώρητοι,
827 1740 980 1823 ἄμουσοι,
1004 1736 1139 1822 &ysopi-

125 1855 250 1916 τρητοι,
269 1832 326 1897 sed
343 1832 450 1917 legem
465 1830 564 1895 etiam
578 1829 665 1913 dant,
685 1850 749 1912 qua
766 1827 992 1913 philosophari
1011 1826 1138 1893 discant

100 1919 220 1986 antius
240 1921 287 1987 ait
310 1919 384 1985 ‘hoc
403 1940 454 1984 me
473 1919 615 2004 primum
633 1917 735 2004 doce’,
756 1917 836 1982 item
859 1916 941 1981 alius
961 1915 1037 1982 ‘hoc
1059 1912 1139 1981 volo'

125 2009 233 2093 inquit
261 2008 409 2092 ‘discere,
434 2007 524 2072 istud
546 2006 649 2093 nolo’3
675 2006 730 2071 hic
753 2029 773 2073 a
796 2004 991 2091 symposio
1014 2004 1169 2071 Plato-¹⁸

125 2097 187 2162 nis
214 2096 356 2180 incipere
384 2095 485 2181 gestit
511 2101 645 2179 propter
671 2095 861 2160 Alcibiadae
889 2094 1141 2177 comisationem,

84 2185 182 2250 10ille
202 2209 221 2250 a
239 2184 413 2249 Phaedro
431 2188 565 2269 propter
582 2183 701 2270 Lysiae
721 2184 910 2250 orationem.
940 2183 1010 2265 ,nst
1034 2181 1140 2248 etiam'

126 2275 234 2358 inquit
263 2273 337 2358 ‘pro
365 2272 524 2357 Iuppiter!
556 2273 611 2356 qui
634 2272 837 2338 Platonem
864 2272 972 2359 legere
999 2272 1142 2358 postulet

126 2385 194 2428 non
211 2363 298 2428 vitae
317 2362 488 2446 ornandae,
506 2361 564 2426 scd
580 2360 712 2448 linguae
731 2362 953 2446 orationisque
971 2362 1142 2427 comendae

85 2466 117 2516 11
129 2452 249 2538 gratia,
271 2474 331 2517 nec
354 2455 392 2516 ut
414 2451 591 2516 modestior
614 2450 685 2536 fiat,
713 2452 769 2517 sed
791 2455 830 2516 ut
851 2449 1010 2535 lepidior.'
1057 2450 1171 2516 Haece

127 2541 276 2607 Taurus
300 2541 406 2606 dicere
429 2540 560 2624 solitus,
581 2539 729 2605 novicios
751 2539 1023 2626 philosophorum
1047 2543 1143 2606 secta

128 2635 217 2695 tores
241 2652 315 2697 cum
338 2629 501 2695 veteribus
524 2628 801 2715 Pythagoricis
825 2628 1002 2714 pensitans.

86 2730 118 2782 12
197 2717 260 2783 Sed
273 2719 307 2783 id
325 2740 453 2803 quoque
467 2740 535 2784 non
552 2719 822 2802 praetereundum
836 2722 896 2804 cst,
919 2718 1006 2802 quod
1025 2736 1143 2800 omncs,

129 2807 227 2873 simul
250 2812 347 2893 atque
371 2832 390 2873 a
408 2807 633 2893 Pythagora
655 2807 692 2871 in
710 2806 878 2872 cohortem
895 2807 987 2872 illam
1005 2805 1144 2891 discipli·

127 2918 244 2962 narum
266 2897 388 2981 recepti
411 2902 517 2981 erant,
541 2896 628 2980 quod
651 2895 788 2980 quisque
810 2895 967 2980 familiae,
989 2895 1144 2981 pecuniae
1157 2908 1177 2949 ’θ

127 2985 284 3070 habebat,
310 2987 346 3050 in
368 2987 510 3051 medium
538 2985 637 3050 dabat
660 2989 693 3050 et
720 2984 869 3050 coibatur
897 2984 1036 3050 societas
1064 2985 1145 3050 inse

128 3074 295 3159 parabilis,
313 3079 481 3158 tamquam
497 3074 580 3138 illud
593 3073 657 3139 fuit
671 3074 814 3139 anticum
829 3073 1041 3160 consortium,
1060 3072 1145 3159 quod

127 3163 198 3229 iure
216 3169 314 3248 atque
332 3164 432 3228 verbo
446 3163 596 3228 Romano
615 3163 840 3248 appellabatur
858 3162 959 3229 ‘creto
972 3184 1041 3229 non
1059 3161 1145 3229 cito'.
