2356 3900
77 151 120 220 18
257 151 434 208 crurum
451 149 520 210 ura.
536 149 590 209 vu
608 148 744 226 [cruce
762 150 823 224 vu.
841 149 914 207 vru.

76 320 179 398 sophis
211 320 388 397 cassurae
421 323 452 381 et
480 319 674 398 quamobrem
696 318 784 380 Plato
817 319 946 380 dnamm
978 337 1015 378 ex
1046 320 1092 381 his

76 409 256 487 meminerit,
279 428 339 468 non
362 409 463 468 trium.

143 498 206 558 XV.
238 497 283 557 De
306 498 398 558 verbo
422 490 578 576 ‘quiesco’,
602 515 641 556 au
663 516 679 556 e
702 496 807 556 littera
829 495 940 573 corripi
962 514 1002 556 an
1025 515 1092 573 pro-

80 587 150 646 duci
174 586 289 646 debeat.
1080 643 1083 647 .

143 674 222 734 XVI.
260 674 396 735 Verbum
428 667 594 750 ‘deprecor'
628 691 646 735 a
677 676 768 749 poeta
794 672 916 734 Catullo
948 672 1094 733 inusitate

77 763 208 841 quidem,
231 763 284 824 sed
307 765 377 839 apte
400 763 534 839 positum
556 764 587 822 et
609 762 746 839 propri03
769 761 866 840 deque
888 761 1006 822 ratione
1030 762 1094 822 eius

76 852 162 912 verbi
185 852 389 929 exemplisque
412 854 551 911 veterum
573 851 761 926 scriptorum.

144 939 238 1000 XVH.
272 939 346 1010 Quis
370 940 505 1000 omnium
526 939 642 1017 primus
665 939 758 999 libros
781 937 901 1015 publice
920 938 1096 1014 praebuerit

76 1027 234 1108 legendos3
257 1032 448 1106 quantusque
471 1046 614 1088 numerus
635 1028 730 1087 fuerit
747 1026 876 1088 Athenis
900 1029 970 1087 ante
993 1026 1096 1088 clades

76 1117 212 1178 Persicas
235 1117 383 1178 librorum
404 1117 436 1177 in
458 1116 649 1178 bibliothecis
673 1116 810 1192 publicis.

327 1345 529 1405 CAPITVLA
551 1344 662 1404 LIBRI
684 1343 840 1407 ccclvi

143 1471 166 1529 I.
200 1464 362 1530 ‘Hesterna
388 1462 490 1529 noctu'
519 1471 638 1528 rectene
666 1487 705 1528 an
734 1488 804 1528 cum
824 1469 900 1529 vitio
922 1467 1042 1529 dicatur
1065 1472 1097 1530 et

80 1578 231 1638 quaenam
253 1577 344 1634 super
366 1559 432 1618 istis
455 1558 555 1618 verbis
577 1557 775 1637 grammatica
796 1557 921 1618 traditio
944 1557 998 1635 sit3
1020 1558 1096 1618 item

80 1647 160 1726 quod
184 1648 346 1708 decemviri
367 1648 399 1711 iu
418 1647 484 1706 ΧΠ.
503 1646 617 1707 tabulis
637 1640 718 1706 ‘nox'
736 1666 791 1722 pro
810 1639 926 1706 ‘noctu’
945 1645 1097 1708 dixerunt

144 1735 181 1796 11.
215 1735 299 1807 Quae
321 1736 397 1796 mihi
419 1736 523 1796 decem
545 1735 638 1796 verba
660 1734 789 1795 ediderit
810 1735 992 1811 Favorinus,
1016 1753 1097 1814 quas

76 1828 262 1902 usurpentur
285 1825 407 1903 quidem
429 1843 449 1884 a
466 1823 598 1902 Graecis,
621 1823 674 1883 sed
696 1823 758 1883 sint
780 1823 951 1884 adulterina
973 1826 1006 1887 et
1024 1823 1096 1885 bar·

76 1914 164 1990 bara3
187 1933 265 1991 quae
286 1915 361 1973 item
384 1930 472 1975 ame
494 1912 624 1973 totidem
646 1912 807 1990 acceperit,
836 1929 912 1990 quaa
936 1931 973 1971 ex
994 1913 1099 1973 medio

77 2002 288 2078 communique
315 2019 375 2061 usu
396 2000 505 2060 Latine
532 2000 723 2078 loquentium
748 2001 871 2061 minime
894 2000 1005 2061 Latina
1034 2002 1104 2062 sint

77 2108 174 2168 neque
197 2090 229 2148 in
251 2093 390 2152 veterum
411 2088 496 2150 libris
518 2089 716 2165 reperiantur.

19 2212 22 2221 ι
144 2177 198 2238 ΠΙ.
245 2177 342 2248 Quem
372 2178 404 2236 in
435 2176 559 2237 modum
590 2181 621 2237 et
652 2197 743 2256 quam
776 2196 877 2239 severe
910 2178 1102 2255 increpuerit

78 2266 272 2327 audientibus
303 2266 390 2326 nobis
421 2265 601 2344 Peregrinus
637 2267 835 2343 philosophus
871 2267 1097 2328 adulescentem

78 2355 249 2416 Romanum
276 2373 311 2415 ex
340 2355 473 2432 equestri
500 2355 616 2415 familia
647 2358 778 2417 stantem
798 2374 927 2434 segnem
953 2354 1036 2432 apud
1065 2372 1096 2416 ss

77 2447 109 2504 et
131 2443 251 2506 assidue
274 2443 459 2504 oscitantem

145 2532 197 2592 IV.
234 2532 321 2603 Quod
342 2532 528 2611 Herodotus,
557 2532 686 2609 scriptor
708 2533 851 2593 historiae
878 2531 1093 2593 memoratissi-

79 2639 156 2700 mus,
179 2640 287 2697 parum
308 2638 379 2681 vere
402 2620 520 2698 dixerit,
542 2640 636 2681 unam
654 2621 808 2698 solamque
829 2622 936 2698 pinum
953 2621 1096 2681 arborum

79 2709 217 2770 omnium
240 2728 358 2770 caesam
379 2728 545 2787 numquam
567 2709 665 2770 denuo
686 2730 722 2770 ex
739 2709 835 2770 isdem
852 2710 1004 2770 radicibus
1026 2709 1094 2786 pul-

79 2798 192 2877 lulare;
221 2803 253 2859 et
280 2799 361 2878 quod
386 2799 461 2858 item
488 2798 524 2858 de
547 2817 627 2876 aqua
648 2799 776 2875 pluviali
803 2802 835 2860 et
857 2799 925 2860 nive
947 2817 1012 2859 rem
1034 2817 1096 2860 nou

80 2889 155 2948 satis
179 2890 366 2965 exploratam
387 2907 441 2966 pro
465 2890 618 2965 comperta
638 2888 781 2964 posuerit.

147 2977 182 3036 V.
217 2976 296 3047 Quid
318 2977 396 3037 illud
419 2978 467 3056 sit,
490 2977 572 3054 quod
594 2977 747 3054 Vergilius
771 2977 888 3036 caelum
911 2969 1003 3036 ‘stare
1025 2976 1096 3051 pul-

79 3058 162 3124 vere'
187 3067 218 3124 et
241 3065 322 3141 quod
343 3063 480 3127 Lucilius
502 3069 609 3143 pectus
632 3059 779 3126 ‘sentibus
803 3059 894 3125 stare’
918 3064 1001 3125 dixit.
1085 3143 1088 3146 y

147 3153 197 3213 VI.
222 3151 300 3213 Cum
312 3156 381 3230 post
395 3153 627 3214 offensiunculas
644 3153 676 3213 in
694 3155 825 3232 gratiam
843 3153 986 3214 redeatur
1003 3171 1097 3231 expo·

80 3241 259 3302 stulationes
282 3241 348 3302 fieri
367 3245 490 3303 mutuas
508 3242 630 3302 minime
646 3243 724 3310 utile
743 3261 816 3321 esse,
840 3260 988 3320 superque
1007 3259 1045 3304 ea
1061 3261 1098 3305 re

79 3334 111 3390 et
133 3349 229 3392 sermo
253 3331 347 3392 Tauri
374 3332 528 3409 expositus
556 3334 587 3391 et
613 3331 706 3392 verba
733 3351 770 3392 ex
792 3331 993 3408 Theophrasti
1014 3330 1098 3394 libro

80 3424 213 3497 sumpta3
246 3423 277 3480 et
304 3420 377 3499 quid
403 3421 443 3482 Μ.
467 3439 586 3498 quoque
614 3419 717 3481 Cicero
745 3420 781 3480 de
813 3439 914 3481 amore
942 3419 1099 3483 amicitiae

78 3508 214 3589 senserit,
239 3528 307 3570 cunr
331 3510 426 3587 ipsius
449 3508 548 3570 verbis
571 3508 716 3568 additum.
