2392 3886
87 149 131 219 22
430 149 696 208 oarrrvnarre.
715 151 748 207 x.

154 319 234 379 XIV.
259 313 385 379 ‘Iniuria
399 319 473 379 mihi
491 320 607 380 fastum
625 313 699 383 itur'
720 320 804 399 quali
820 320 984 381 verborum
1002 318 1107 380 ordine

86 407 162 469 Cato
186 408 303 468 dixerit.

153 497 216 556 XV.
250 497 294 557 De
322 497 452 557 flaminis
479 496 575 557 Dialis
599 497 695 575 deque
719 496 886 558 flaminicae
914 496 1107 574 caerimonia

87 586 241 663 verbaque
256 605 293 647 ex
306 586 404 647 edieto
413 584 561 663 praetoris
571 586 718 664 apposita,
732 585 842 664 quibus
856 582 939 663 dieit,
953 604 1016 646 uon
1024 603 1108 646 eoae·

86 677 194 735 turum
208 694 239 735 se
254 674 470 736 adiuuandum
482 675 726 752 neque'virgines
739 674 851 735 Vestae
865 692 962 752 neque
979 673 1106 747 Dialem

153 764 232 824 XVI.
266 764 348 835 Quos
375 781 490 824 errores
516 763 614 822 Iulius
641 762 782 841 Hyginus
808 763 841 821 in
869 765 953 823 sexto
977 763 1108 842 Vergilii

88 852 335 913 animadverterit
357 854 389 912 iu
412 854 548 913 Romana
570 851 699 912 historia
721 855 845 912 erratos.

152 941 246 1000 XVII.
285 941 382 1012 Quam
410 941 448 1001 ob
476 959 599 1002 oausam
626 944 657 1001 et
685 940 769 1018 quali
795 938 884 1000 modo
910 939 1105 1001 Democritus

86 1028 283 1105 philosophus
306 1029 472 1090 luminibus
496 1029 653 1090 oculorum
675 1046 739 1089 sese
762 1028 941 1106 privaverit,
965 1034 998 1090 et
1016 1047 1105 1106 super
1144 1023 1148 1031 '

86 1135 122 1177 ea
144 1138 176 1177 re
200 1136 305 1178 versus
328 1118 449 1179 Laberii
471 1137 547 1195 pure
570 1116 733 1178 admodum
754 1120 786 1177 et
807 1119 935 1178 venuste
957 1117 1044 1178 faeti.

152 1206 262 1266 XVIII.
299 1206 436 1266 Historia
462 1208 499 1267 de
527 1206 704 1283 Artemisia,
736 1206 832 1284 deque
863 1224 899 1267 eo
931 1207 1104 1285 nodamine,

87 1293 168 1372 quod
186 1298 262 1370 aput
275 1295 406 1355 Mausoli
424 1296 597 1371 sepulerum
615 1294 844 1372 ascriptoribus
863 1294 989 1355 inclutis
1003 1295 1102 1356 deuer-

85 1385 187 1443 tatum
210 1387 263 1442 est.

152 1469 230 1530 XIX.
286 1471 355 1532 Nou
392 1471 517 1550 purgari
557 1490 654 1550 neque
694 1471 791 1533 levari
826 1475 998 1549 moratum,
1036 1491 1102 1533 eum

85 1559 294 1636 praetenditur
321 1564 527 1639 peccatorum,
560 1579 636 1638 quae
665 1559 718 1620 alii
745 1578 865 1639 quoque
893 1564 1100 1638 peecaverunt,

86 1647 265 1726 similitud03
299 1653 390 1727 atque
421 1650 497 1711 inibi
528 1649 621 1711 verba
653 1668 690 1708 ex
722 1650 857 1709 oratione
889 1667 982 1726 super
1009 1669 1045 1710 ea
1071 1667 1100 1709 re

85 1737 304 1798 Demosthenis.

152 1826 215 1886 XX.
244 1826 323 1897 Quid
342 1827 382 1887 sit
401 1819 552 1906 ‘rogatio',
575 1825 649 1903 quid
668 1818 750 1903 ‘lex’,
771 1825 844 1903 quid
862 1819 1099 1903 ‘plebisscitum',

85 1916 161 1993 quid
184 1909 419 1994 ‘privilegium'3
443 1918 474 1975 et
496 1918 645 1993 quantum
666 1914 726 1975 ista
750 1915 850 1975 omnia
872 1913 1022 1976 differant.

151 2002 230 2060 XXI.
264 2002 362 2073 Quam
385 2003 423 2064 ob
447 2021 569 2063 oausam
591 2002 630 2063 M.
650 2001 754 2064 Oioero
781 2002 828 2063 his
857 2003 978 2064 ormino
1004 2004 1102 2065 verbis

85 2084 270 2151 ‘novissime'
295 2096 327 2150 et
349 2085 553 2153 ‘norissimus'
576 2092 841 2153 observantissime
863 2092 977 2154 vitarit.

151 2178 245 2239 XXII
277 2178 377 2240 Loeus
401 2181 558 2255 exemptus
581 2199 618 2239 ex
639 2180 775 2241 Platonis
797 2180 888 2258 libro,
917 2181 970 2259 qui
997 2181 1108 2245 inseri·

84 2266 168 2328 bitur
186 2266 323 2347 Gorgias,
342 2268 379 2328 de
397 2268 492 2328 falsae
510 2268 719 2346 philosophiae
735 2269 862 2347 probris,
881 2269 991 2347 quibus
1005 2271 1113 2347 philo⁶

85 2356 195 2433 sophos
208 2358 322 2418 temero
336 2357 498 2436 incessunt,
513 2356 566 2435 qui
579 2358 783 2418 emolumenta
795 2376 885 2418 verae
894 2358 1116 2436 philosophiae

85 2445 235 2524 ignorant.

152 2534 261 2595 XXIII.
297 2534 399 2595 Verba
426 2553 463 2595 ex
490 2536 625 2596 oratioue
652 2534 691 2594 M.
715 2533 838 2596 Catonis
871 2535 909 2595 de
940 2534 1124 2597 mulierum

84 2625 223 2683 veterum
249 2623 334 2683 victu
361 2626 393 2683 et
419 2623 567 2702 moribus3
594 2627 686 2702 atque
713 2623 801 2702 inibi,
829 2624 909 2701 quod
936 2623 1031 2684 fuerit
1056 2627 1121 2686 ius

84 2712 194 2772 marito
217 2711 249 2770 in
272 2711 422 2772 adulterio
444 2731 570 2773 uxorem
592 2713 809 2789 deprehensam
830 2730 944 2772 necare.

151 2799 258 2860 XXIV.
292 2795 360 2860 ‘Die
383 2796 524 2879 pristini’,
556 2796 615 2862 ‘die
639 2795 774 2862 orastini’
798 2804 829 2861 et
852 2794 912 2861 ‘die
934 2797 1049 2879 quarti’
1075 2803 1122 2864 eb

85 2884 146 2949 ‘die
169 2883 279 2967 quinti'
303 2890 356 2966 qui
379 2891 548 2969 elegantius
572 2891 668 2951 locuti
691 2891 752 2952 sint
774 2890 897 2968 diruisse,
924 2909 985 2951 non
1008 2895 1046 2952 ut
1070 2909 1120 2953 aa

85 2996 164 3038 nuno
187 2978 281 3058 vulgo
304 2978 454 3040 dicuntur.

152 3067 244 3127 XXV.
273 3066 416 3127 Telorum
433 3071 464 3128 et
477 3068 646 3128 iaculorum
659 3067 898 3147 gladiorumque,
916 3070 1009 3145 atque
1027 3065 1118 3128 inibi

85 3156 209 3216 navium
232 3174 351 3233 quoque
375 3155 534 3234 voeabula,
562 3175 639 3233 quae
663 3157 775 3232 seripta
802 3157 834 3215 in
856 3159 994 3216 veterum
1016 3155 1112 3218 libris

85 3243 286 3321 reperiuntur.

152 3332 259 3393 XXVI
295 3332 406 3392 Inscite
434 3333 471 3392 ab
499 3333 604 3393 Asinio
631 3332 766 3393 Pollione
793 3333 1009 3409 reprehensum
1037 3333 1109 3395 Sal·

85 3421 226 3500 lustium,
252 3421 334 3499 quod
356 3422 633 3482 transfretationem
656 3414 960 3505 ‘transgressum'
984 3420 1109 3501 dixerit,

86 3514 117 3570 et
141 3504 423 3590 ‘transgressos’
447 3511 500 3588 qui
521 3509 776 3573 transfretassent.
