2392 3886
128 194 171 261 86
583 193 617 248 Il.
636 212 673 249 rr.

127 356 288 441 linerat,
312 356 377 421 sed
400 361 442 420 ut
468 380 487 421 a
509 356 689 422 barbaris
717 356 981 442 praedonibus
1010 359 1132 421 vexate

127 468 212 511 esse
235 446 421 512 videatur.

97 553 114 603 ο
195 534 244 600 De
264 533 456 600 ‘inlaudata'
471 538 581 600 autem
595 534 659 600 duo
673 535 825 601 videntur
838 534 1030 621 responderi
1042 552 1133 620 posse.

126 624 238 690 Vnum
256 629 306 690 est
330 623 501 690 eiusmodi:
524 622 630 688 Nemo
655 624 828 708 quisquam
849 628 921 690 tam
943 623 1074 690 efflictis
1093 626 1133 687 est

128 714 287 799 moribus,
316 713 395 798 quin
421 712 523 779 faciat
546 717 604 777 aut
631 712 719 779 dioat
745 733 994 797 nonnumquam
1018 710 1159 797 aliquidt

128 804 214 887 quod
243 803 368 867 laudari
400 806 505 886 queat.
550 800 645 866 Vnde
674 802 728 868 hio
759 800 1009 887 antiquissimus
1036 820 1134 871 versus

126 893 196 958 vioe
218 891 383 977 proverbii
407 890 590 956 celebratus
614 895 678 955 est:

173 1016 350 1081 Πολλακι
375 1015 465 1097 [γὰρ]
490 1012 556 1079 καὶ
583 1015 712 1100 μωρὸς
736 1013 839 1169 &syo
862 1015 966 1100 μάλα
988 1016 1135 1101 καίριον

767 1126 783 1168 ε
808 1123 888 1169 πεν.

87 1243 120 1292 ιο
131 1223 194 1290 Sed
218 1225 304 1290 enim
332 1225 388 1310 qui
411 1226 500 1290 omni
522 1226 558 1290 in
580 1248 615 1292 re
638 1231 736 1311 atque
760 1227 850 1293 omni
877 1231 1028 1314 tempore
1053 1226 1161 1293 nudes

128 1314 216 1379 omni
235 1319 339 1400 vaoat,
361 1314 389 1378 is
410 1314 619 1380 ‘inlaudatus'
639 1320 690 1381 est
707 1316 801 1400 isque
820 1316 968 1381 omnium
986 1317 1135 1403 pessimus

127 1403 384 1487 deterrimusque
403 1409 463 1488 est,
486 1403 583 1469 siouti
604 1404 709 1469 omnis
732 1406 846 1490 eulpae
868 1405 1014 1491 privatio
1038 1404 1137 1472 ‘inaul-

126 1491 252 1577 patum’
275 1492 363 1558 facit.
410 1492 623 1577 ‘luculpatus'
648 1498 758 1559 autem
778 1495 885 1560 instar
903 1500 954 1560 est
978 1496 1137 1561 absolutae

126 1580 272 1668 virtutis3
296 1581 514 1647 ‘inlaudatus'
539 1603 668 1666 quoque
690 1583 794 1669 igitur
816 1583 892 1649 finis
915 1587 966 1649 est
985 1589 1137 1651 exuemus

84 1687 115 1735 11
127 1669 280 1735 malitiae.
317 1670 432 1755 Itaque
450 1670 639 1737 Homerus
657 1693 725 1737 non
743 1672 921 1743 virtutibus
936 1672 1163 1758 appellandae

128 1760 183 1824 sed
219 1759 309 1825 vitiis
342 1759 549 1826 detrahendis
581 1761 713 1827 laudare
746 1760 899 1846 ampliter
931 1762 1026 1829 solet.
1075 1760 1138 1827 Hoo

127 1849 213 1914 enim
236 1854 300 1915 est:

545 1955 595 2020 τὼ
620 1953 651 2021 δ’
677 1956 749 2021 οὐκ
771 1956 910 2024 ἄκοντε
933 1955 1139 2040 πετέσθην,

127 2066 160 2126 et
182 2062 264 2126 item
286 2062 381 2127 illud:

162 2180 271 2252 Ἔνθ’
289 2184 361 2250 οὐκ
375 2182 421 2249 ἂν
435 2187 622 2271 βρίζοντα
637 2186 742 2264 ἴδοις
756 2182 1028 2272 Ἀγαμέμνονα
1043 2188 1167 2269 diora*

174 2269 281 2340 odet
304 2269 635 2358 καταπτώσσοντ’,
659 2273 742 2340 οὐδ’
766 2273 1059 2448 {gxiii-ostra
1080 2274 1140 2361 μᾶ-

84 2486 321 2573 ινΕρὶοαεοε
346 2509 474 2571 quoque
502 2486 603 2552 simili
624 2486 722 2552 modo
745 2488 921 2553 maximam
943 2489 1142 2575 voluptatem

77 2654 80 2658 A
126 2576 345 2662 privationem
374 2575 674 2659 detractionemque
704 2577 810 2641 omnis
845 2576 967 2642 doloris
1001 2576 1142 2643 definivit

126 2663 179 2729 his
207 2665 328 2731 verbis:
362 2663 474 2751 Ὅρος
506 2666 594 2748 [τοῦ
621 2662 817 2749 μεγέθους
843 2676 920 2731 τῶν
942 2664 1102 2749 ἡδονῶν
1123 2663 1171 2748 d!

86 2754 291 2834 13παντὸς]
317 2762 387 2818 τοῦ
409 2751 629 2837 ἀλγοῦντος
650 2752 910 2839 ὑπεξαίρεσις.
951 2754 1078 2821 Eadem
1100 2776 1144 2820 ra·

128 2842 218 2908 tione
250 2843 337 2907 idem
366 2842 568 2929 Vergilius
602 2841 842 2907 ‘inamabilem’
881 2843 963 2908 dixit
997 2841 1144 2932 Stygiam

85 2933 287 3017 14paludem.
337 2930 424 2997 Nam
455 2932 540 2996 siout
571 2930 805 2996 ‘inlaudatam’
835 2933 932 2997 κατὰ
962 2931 1144 3020 στέρησιν

126 3020 247 3106 laudis,
274 3021 323 3086 ita
346 3019 586 3086 ‘inamabilem'
614 3021 709 3084 κατὰ
736 3020 857 3085 amoris
886 3019 1077 3107 στέρησιν
1098 3022 1145 3089 de

84 3119 117 3171 15
128 3112 270 3174 testatus
289 3112 347 3173 est.
388 3108 503 3174 Altero
522 3109 619 3175 modo
643 3108 861 3176 ‘inlaudatus'
883 3110 932 3175 ita
950 3110 1176 3177 defenditurrss

85 3209 118 3257 16
129 3196 305 3263 ‘Laudare’
336 3197 500 3284 significat
528 3197 636 3283 prisea
667 3197 780 3283 lingua
809 3199 977 3264 nominare
1008 3200 1147 3287 appella·

127 3308 234 3371 reque.
272 3283 326 3352 sio
344 3286 379 3350 in
398 3285 581 3352 actionibus
596 3287 746 3352 civilibus
761 3293 876 3353 auotor
895 3287 1055 3353 ‘laudari'
1074 3288 1147 3359 dioi-

85 3386 118 3437 1⁷
128 3382 197 3461 tur,
227 3375 314 3460 quod
344 3380 394 3440 est
421 3375 591 3440 nominari.
636 3375 669 3440 Is
701 3374 919 3442 ‘inlaudatus'
949 3380 1063 3445 autem
1090 3383 1148 3463 est,

128 3466 221 3550 quasi
248 3464 471 3550 inlaudabilis,
498 3464 554 3548 qui
580 3486 684 3550 neque
712 3465 877 3531 mentione
905 3470 962 3532 aut
989 3468 1149 3535 memoria

85 3564 118 3615 18
128 3555 196 3620 ulla
227 3555 344 3641 dignus
376 3576 481 3639 neque
513 3576 669 3638 umquam
700 3553 916 3622 nominandus
948 3558 1014 3642 est,
1050 3556 1176 3625 sicuti!
