2392 3886
512 151 559 208 III.
578 169 636 206 xm.
654 169 708 206 nv.
1050 148 1113 213 137

564 346 655 413 XIII.

101 471 183 539 Quod
201 470 405 526 Demosthenes
424 469 574 525 etiamtum
593 468 772 536 adulescens,
796 485 860 524 curn
878 468 1005 524 Platonis
1027 469 1119 540 philo·

139 542 223 613 sophi
245 540 402 613 discipulus
423 541 510 608 foret,
537 538 636 595 audito
659 540 733 595 forte
759 537 924 595 Callistrato
951 539 1064 595 rhetore
1088 540 1120 594 in

139 613 270 668 contione
284 612 384 684 populi
398 611 511 666 destitit
524 610 670 667 aPlatone
683 613 714 665 et
726 613 851 666 sectatus
860 608 1053 665 Callistratum
1068 613 1119 666 est

75 759 89 800 s
171 738 408 825 Hermippus
423 738 487 804 hoc
504 737 662 823 scriptum
675 736 818 823 reliquit,
831 737 1143 804 Demosthenem

102 828 278 894 admodum
302 828 541 894 adulescentem
565 827 725 891 ventitare
747 826 783 890 in
800 825 1011 892 Academiam
1033 825 1121 890 Pla-

102 923 296 1002 tonemque
321 917 432 981 audire
456 916 597 981 solitum.
634 914 754 1000 ‘Atque
777 913 819 980 is'
838 913 947 1001 inquit
966 914 1147 984 ‘Demo-2

105 1006 266 1071 sthenes
299 1005 396 1070 domo
428 1026 596 1091 egressus,
626 1009 665 1068 ut
694 1004 724 1068 ei
754 1024 826 1069 mos
855 1009 943 1090 erat,
976 1026 1051 1070 oum
1080 1003 1121 1069 ad

105 1092 310 1159 Platonem
344 1098 496 1180 pergeret
529 1091 770 1178 complurisque
800 1095 855 1174 [e]
888 1092 1011 1178 populo
1048 1113 1122 1159 oon·

64 1202 93 1243 ιο
106 1187 273 1248 currentes
296 1182 429 1268 videret,
451 1186 663 1267 percontatur
684 1181 753 1246 eius
776 1181 825 1246 rei
848 1203 980 1247 oausam
1003 1202 1122 1268 eogno-

106 1271 242 1357 scitque,
259 1292 387 1336 currere
405 1293 462 1336 eos
477 1271 625 1337 auditum
637 1267 921 1335 Callistratum
951 1269 984 1335 Is
1002 1268 1148 1338 Calli-3

107 1364 256 1425 stratus
283 1359 423 1425 Athenis
457 1364 568 1425 orator
594 1359 631 1423 in
660 1356 828 1443 republica
854 1357 933 1444 fuit,
962 1380 1044 1444 quos
1071 1359 1121 1424 illi

107 1448 350 1533 ‘dcpcyoyorle'
374 1448 548 1534 appellant
589 1446 707 1512 Visum
730 1451 781 1512 est
803 1446 937 1533 paulum
956 1448 1148 1515 reverteres

107 1536 320 1622 experirique,
338 1558 380 1602 an
392 1538 494 1624 digna
507 1536 632 1602 auditio
646 1541 739 1601 tento
753 1535 998 1620 properantium
1013 1535 1122 1602 studio

65 1644 93 1684 15
107 1625 201 1691 foret.
247 1625 358 1691 Venit'
381 1626 490 1711 inquit
512 1624 623 1711 ‘atque
646 1624 738 1690 audit
759 1621 1049 1710 Callistratum,
1066 1641 1149 1691 noo

108 1714 208 1779 bilem
235 1714 327 1780 illam
354 1715 416 1798 τὴν
442 1712 519 1800 περὶ
538 1712 692 1799 Ὠρωποῦ
711 1713 809 1796 δίκην
831 1712 1001 1798 dicentem,
1027 1718 1124 1798 atque

107 1803 157 1867 ita
173 1808 283 1868 motus
302 1808 336 1867 et
354 1803 517 1868 demultus
536 1808 570 1868 et
588 1806 702 1887 captus
721 1806 781 1885 est,
799 1804 837 1865 ut
851 1798 1124 1867 Callistratum

108 1891 175 1955 iam
197 1892 272 1956 inde
301 1892 418 1957 sectari
442 1891 598 1977 coeperit,
624 1890 835 1957 Academiam
865 1911 940 1954 cum
962 1889 1124 1955 Platone

110 1979 299 2064 reliquerit'.

67 2175 95 2216 so
570 2154 659 2221 XIV.

112 2275 279 2330 ‘Dimidium
291 2277 397 2332 librum
409 2275 437 2330 le
459 2275 479 2302 ‘'
500 2278 550 2331 aut
565 2275 725 2331 ‘dimidiam
742 2276 870 2332 fabulam
884 2275 992 2331 audivi'
1013 2274 1126 2344 aliaque

145 2347 341 2402 huiuscemodi
364 2346 413 2416 qui
449 2347 520 2415 icat,
543 2346 647 2402 vitiose
671 2347 776 2416 dicere3
800 2347 916 2415 eiusque
939 2346 1004 2400 vitii
1025 2362 1125 2401 causas

146 2418 508 2544 {podsiuesruemhlfflglearronem
525 2434 577 2472 nec
596 2434 767 2486 quemquam
784 2421 909 2474 veterem
931 2417 1009 2472 hisce
1031 2415 1126 2472 verbis

71 2632 99 2672 2⁵
181 2613 374 2680 ‘Dimidium
396 2613 518 2679 librum
539 2614 617 2700 legi'
637 2620 694 2681 aut
712 2614 891 2680 ‘dimidiam
908 2614 1055 2680 fabulam
1073 2628 1152 2678 au-1

112 2702 190 2768 divi'
213 2704 265 2768 vel
288 2703 367 2788 quid
390 2703 479 2768 aliud
500 2702 726 2768 huiuscemodi
749 2703 833 2768 male
857 2725 894 2768 ac
917 2703 1034 2769 vitiose
1062 2702 1126 2767 dici

112 2792 289 2857 existumat
317 2790 451 2856 Varro.
501 2789 666 2877 Oportet
700 2792 816 2877 enim,
848 2791 970 2876 inquit,
999 2791 1152 2857 diceres

113 2880 374 2946 ‘dimidiatum
396 2879 566 2965 librum',
588 2901 664 2945 non
683 2879 926 2964 ‘dimidium',
945 2883 983 2944 et
1001 2878 1127 2944 ‘dimi-

113 2969 258 3034 diatam
277 2967 477 3053 fabulam'‚
489 2989 567 3033 non
580 2967 816 3034 ‘dimidiam'.
840 2965 986 3033 Contra
1000 2973 1127 3033 autem

73 3075 100 3114 ³0
114 3056 147 3121 si
162 3078 206 3121 ex
221 3056 394 3122 sextario
408 3057 563 3122 hemina
580 3056 668 3121 fusa
686 3062 758 3142 est,
775 3077 852 3121 non
866 3055 1127 3121 ‘dimidiatum

115 3146 328 3211 sextarium
346 3144 493 3210 fusum'
512 3144 715 3210 dicendum
728 3149 801 3231 est,
820 3149 857 3210 et
876 3145 940 3231 qui
959 3167 1002 3209 ex
1020 3143 1127 3209 mille

112 3256 320 3319 nummum,
343 3234 443 3318 quod
467 3233 501 3297 ei
524 3233 752 3319 debebatur,
775 3234 1011 3320 quingentos
1029 3255 1128 3298 rece

114 3324 187 3407 pit,
213 3344 292 3387 non
320 3321 597 3387 ‘dimidiatum'
625 3323 820 3408 recepisse
848 3322 1033 3407 dicemus,
1063 3320 1129 3386 sed

115 3410 357 3476 ‘dimidium’.
408 3410 460 3475 At
492 3411 525 3474 si
557 3410 739 3496 scyphus,
768 3410 890 3495 inquit,
918 3415 1154 3495 argenteus³

74 3499 210 3563 cmihi
245 3521 328 3565 cum
357 3499 435 3564 alio
465 3500 678 3564 communis
705 3499 745 3562 in
772 3500 866 3564 duas
894 3498 1019 3582 partis
1051 3498 1129 3563 dis-
