2392 3886
131 152 195 217 102
538 152 573 207 11.
591 172 645 206 m.
664 119 752 207 m·

103 324 203 379 emm
224 336 378 379 numerus
402 316 456 390 sit,
478 314 594 379 ‘atros'
616 315 708 380 nihil.
751 312 817 380 Sed
834 336 897 401 ego
922 316 1056 401 quidem
1077 338 1142 383 cum

129 402 165 467 L.
184 403 297 468 Aelio
320 408 353 467 et
373 403 415 467 ll.
434 402 608 469 Varrone
632 404 749 489 sentio,
772 404 829 487 qui
852 403 1006 471 ‘triones'
1029 406 1142 471 rustico

129 496 274 557 ceterum
288 492 447 557 vocabulo
461 491 561 557 bores
575 492 758 577 appellatos
772 492 934 579 scribunt,
947 494 1046 579 quasi
1058 516 1144 579 quos

129 581 204 646 dam
231 581 433 666 ‘terriones’,
461 581 523 646 hoc
550 586 602 646 est
628 581 769 647 arandae
796 582 1019 667 colendusque
1047 588 1144 649 terrae

103 669 272 736 sidoneos.
313 670 429 755 ltaque
451 670 513 734 hoo
532 669 632 755 sidus,
653 670 743 754 quod
764 691 784 735 a
806 670 916 757 figura
937 671 1145 757 posituraque
1162 682 1172 725 ι

128 758 210 844 ipsa,
232 760 308 844 quia
331 759 436 823 simile
459 758 599 843 plaustri
620 758 780 844 rideatur,
802 758 932 844 antiqui
950 758 1146 827 Graecorum

129 847 281 931 ‘ipatus'
296 848 456 927 dixerimt
469 848 574 913 nostri
588 868 719 931 quoquc
731 852 858 913 veteres
872 870 893 913 a
906 848 1019 914 bubus
1032 848 1145 917 iunctis

129 935 400 1021 ‘septentriones'
428 936 647 1021 appellarunt,
672 936 707 1000 id
734 941 786 1000 est
812 940 941 1022 septem
965 938 1088 1024 stellis,
1111 960 1146 1003 ex

86 1036 120 1085 10
130 1024 248 1107 quibus
268 1026 361 1108 quasi
379 1025 483 1090 iuncti
502 1024 651 1089 ‘triones’
668 1024 862 1111 ligurantur.
899 1024 1039 1093 Praetor
1057 1025 1145 1094 hanc’

128 1113 235 1196 inquit
265 1112 467 1199 ‘opinionem
497 1113 532 1178 id
561 1134 690 1198 quoque
711 1112 836 1179 Varro
864 1113 972 1201 addit,
1002 1116 1178 1182 dubitasse

128 1222 212 1285 sese,
235 1224 277 1265 an
299 1208 470 1287 propterea
493 1202 599 1288 magis
621 1201 684 1267 hae
707 1206 834 1286 septem
856 1202 975 1269 stellae
999 1202 1145 1271 ‘triones'

127 1290 309 1375 appellatae
332 1292 412 1373 sint,
439 1291 517 1375 quia
541 1291 590 1356 ita
613 1296 691 1355 sunt
714 1290 811 1376 sitae,
836 1296 876 1357 ut
897 1294 1015 1359 ternae
1039 1294 1145 1359 stellae

126 1379 293 1463 proximae
317 1400 462 1465 quaeque
485 1380 571 1444 inter
594 1401 665 1444 sese
691 1378 815 1445 faciant
839 1378 1018 1467 ‘trigona',
1044 1381 1081 1447 iu
1101 1386 1144 1448 cst

126 1467 303 1551 triquetras
325 1466 469 1554 figuras'.
1149 1544 1156 1551 ⁸

84 1566 115 1615 11
192 1556 244 1621 Ex
273 1557 325 1621 his
355 1557 481 1623 duabus
510 1556 708 1641 rationibus,
737 1578 819 1641 quas
847 1556 904 1621 ille
933 1557 1035 1644 dixit,
1065 1556 1171 1643 quol¹⁸

124 1647 288 1731 posterius
311 1652 372 1731 est,
394 1646 547 1710 subtilius
565 1645 813 1731 elegantiusque
835 1649 887 1711 cst
904 1646 1025 1712 visum.
1062 1646 1144 1713 Intn-

126 1736 257 1801 cntibus
275 1736 362 1801 enim
380 1734 476 1800 nobis
498 1734 534 1798 in
555 1733 647 1817 illud,
668 1734 718 1799 ita
735 1734 975 1819 propemodum
996 1757 1052 1801 res
1071 1738 1143 1819 erat,

124 1829 163 1890 ut
185 1824 292 1891 forma
314 1821 415 1912 esse(t
438 1821 490 1909 ut)
513 1822 676 1907 triquetra
697 1822 894 1888 viderentur.

579 1980 685 2046 XXII.

124 2085 166 2140 De
190 2088 276 2141 vento
299 2086 402 2154 iapyge
425 2085 517 2153 deque
541 2084 662 2139 aliorum
683 2087 834 2139 ventorum
854 2084 1006 2140 vocabulis
1026 2084 1173 2157 regioni-n

307 2155 417 2223 busque
436 2158 556 2225 accepta
573 2171 608 2210 ex
625 2154 761 2210 Favorini
779 2154 965 2211 sermonibus.

100 2276 113 2324 1
192 2265 290 2350 Apud
307 2286 454 2330 mensam
471 2263 656 2329 Favorini
679 2264 715 2328 in
732 2263 882 2329 convivio
900 2264 1063 2333 familiari
1084 2266 1144 2353 legi

125 2353 260 2419 solitum
287 2358 357 2419 erat
381 2356 438 2418 aut
460 2357 573 2418 vetus
596 2374 750 2418 carmen
771 2352 901 2418 melici
924 2358 1071 2438 poetae
1093 2358 1146 2422 aut

98 2443 295 2509 ahistoria
309 2442 430 2527 partim
445 2439 588 2507 Graecae
605 2442 747 2528 lingirae,
765 2440 847 2507 alias
859 2439 1008 2507 Latinae.
1049 2442 1145 2533 Lege·

123 2534 223 2598 batur
259 2551 338 2617 ergo
374 2530 422 2595 ibi
452 2535 531 2595 tunc
565 2530 605 2595 in
638 2529 808 2595 carmine
838 2529 983 2597 Latino
1020 2530 1175 2620 ‘iapyx’a

124 2626 242 2687 ventus
270 2619 517 2705 quaesitumque
545 2624 610 2703 est,
636 2618 710 2704 quis
738 2618 793 2685 hic
820 2623 936 2685 ventus
965 2624 1000 2685 et
1030 2621 1146 2706 quibus

125 2732 165 2775 ex
193 2709 275 2775 locis
305 2709 444 2794 spiraret
474 2713 507 2773 et
537 2729 619 2792 quae
649 2712 718 2773 tam
747 2706 966 2792 infrequentis
995 2708 1147 2777 vocabuli
1178 2714 1184 2742 ¹

125 2800 210 2865 ratio
234 2805 334 2883 esset3
361 2803 460 2882 atquc
483 2796 583 2862 etiam
609 2797 817 2881 petebamus,
843 2801 881 2861 ut
904 2818 1004 2881 super
1027 2804 1148 2867 cetero

124 2910 200 2954 rum
221 2888 408 2953 nominibus
435 2885 688 2972 regionibusque
715 2885 830 2951 docere
857 2906 918 2950 nos
944 2884 1018 2971 ipse
1042 2888 1148 2973 vellet,

125 2998 206 3130 ffl,
226 2976 325 3062 vulgo
349 2997 453 3128 neque
477 2975 516 3040 de
544 2974 818 3128 appellationibqs
842 2996 956 3040 eorum
978 2996 1089 3063 neque
1110 2976 1179 3043 (len

207 3086 247 3130 us
270 3086 311 3130 ne
334 3086 375 3129 ue
420 3084 595 3128 enumero
619 3085 815 3128 convemre.

100 3162 140 3223 a,
194 3153 279 3219 Tum
302 3086 517 3217 anvorinus
540 3151 589 3216 ita
610 3151 777 3217 fabulatus
804 3156 869 3217 est:
896 3149 1011 3217 ‘Satis'
1040 3153 1150 3241 inquit

128 3242 255 3309 ‘notum
283 3246 347 3325 est,
375 3240 497 3305 limites
523 3239 738 3327 regionesque
766 3262 836 3306 esse
857 3240 945 3307 caeli
975 3248 1149 3327 quattuor:

100 3330 312 3415 4‘exortum’‚
334 3328 519 3412 ‘occasum',
542 3328 742 3411 ‘meridiem',
764 3329 1040 3414 ‘septontnonest
1087 3332 1151 3399 m-

128 3425 220 3486 ortus
245 3423 277 3484 et
301 3440 435 3485 occasus
458 3417 593 3482 mobilia
616 3422 648 3482 et
671 3418 762 3482 varia
785 3422 876 3503 sunt,
902 3418 1059 3485 meridies
1082 3442 1182 3509 sep-a

102 3508 372 3592 otentrionesque
392 3511 482 3572 statu
503 3511 661 3592 perpetuo
685 3511 774 3571 stant
797 3512 831 3573 et
848 3513 991 3572 manent
1035 3508 1152 3577 Oritur
