<?xml version="1.0" encoding="UTF-8"?>
<!DOCTYPE html PUBLIC "-//W3C//DTD XHTML 1.0 Transitional//EN"
    "http://www.w3.org/TR/xhtml1/DTD/xhtml1-transitional.dtd">
<html xmlns="http://www.w3.org/1999/xhtml" xml:lang="en" lang="en">
 <head>
  <title>
</title>
<meta http-equiv="Content-Type" content="text/html;charset=utf-8" />
  <meta name='ocr-system' content='tesseract 3.04.00' />
  <meta name='ocr-capabilities' content='ocr_page ocr_carea ocr_par ocr_line ocrx_word'/>
</head>
<body>
  <div class='ocr_page' id='page_1' title='image "agelliinoctiuma00hertgoog_0098.png"; bbox 0 0 2392 3886; ppageno 0'>
   <div class='ocr_carea' id='block_1_1' title="bbox 111 111 1137 612">
    <p class='ocr_par' dir='ltr' id='par_1_1' title="bbox 583 111 1137 185">
     <span class='ocr_line' id='line_1_1' title="bbox 583 111 1137 185; baseline 0.004 -4"><span class='ocrx_word' id='word_1_1' title='bbox 583 111 617 167; x_wconf 86' lang='lat'><strong>11.</strong></span> <span class='ocrx_word' id='word_1_2' title='bbox 636 132 666 166; x_wconf 87' lang='lat'><strong>11·</strong></span> <span class='ocrx_word' id='word_1_3' title='bbox 1096 117 1137 185; x_wconf 88' lang='lat'><strong>81</strong></span> 
     </span>
    </p>

    <p class='ocr_par' dir='ltr' id='par_1_2' title="bbox 111 272 1137 612">
     <span class='ocr_line' id='line_1_2' title="bbox 610 272 652 339; baseline 0 0"><span class='ocrx_word' id='word_1_4' title='bbox 610 272 652 339; x_wconf 93' lang='grc' dir='ltr'><strong>Π.</strong></span> 
     </span>
     <span class='ocr_line' id='line_1_3' title="bbox 111 393 1137 472; baseline 0.009 -24"><span class='ocrx_word' id='word_1_5' title='bbox 111 394 196 462; x_wconf 81' lang='lat' dir='ltr'><strong>Quae</strong></span> <span class='ocrx_word' id='word_1_6' title='bbox 218 393 293 449; x_wconf 80' lang='lat' dir='ltr'><strong>ratio</strong></span> <span class='ocrx_word' id='word_1_7' title='bbox 317 393 534 465; x_wconf 77' lang='lat' dir='ltr'><strong>observatioque</strong></span> <span class='ocrx_word' id='word_1_8' title='bbox 553 395 710 452; x_wconf 87' lang='lat' dir='ltr'><strong>officiorum</strong></span> <span class='ocrx_word' id='word_1_9' title='bbox 732 413 794 452; x_wconf 89' lang='lat' dir='ltr'><strong>esse</strong></span> <span class='ocrx_word' id='word_1_10' title='bbox 817 396 922 454; x_wconf 85' lang='lat' dir='ltr'><strong>debeet</strong></span> <span class='ocrx_word' id='word_1_11' title='bbox 943 398 1018 455; x_wconf 86' lang='lat' dir='ltr'><strong>inter</strong></span> <span class='ocrx_word' id='word_1_12' title='bbox 1039 404 1137 472; x_wconf 85' lang='lat' dir='ltr'><strong>patres</strong></span> 
     </span>
     <span class='ocr_line' id='line_1_4' title="bbox 151 464 1137 541; baseline 0.009 -22"><span class='ocrx_word' id='word_1_13' title='bbox 151 465 285 535; x_wconf 88' lang='lat' dir='ltr'><strong>filiosque</strong></span> <span class='ocrx_word' id='word_1_14' title='bbox 308 464 340 520; x_wconf 90' lang='lat' dir='ltr'><strong>in</strong></span> <span class='ocrx_word' id='word_1_15' title='bbox 357 465 561 523; x_wconf 72' lang='lat' dir='ltr'><strong>discumbendo</strong></span> <span class='ocrx_word' id='word_1_16' title='bbox 580 466 760 537; x_wconf 77' lang='lat' dir='ltr'><strong>sedendoque</strong></span> <span class='ocrx_word' id='word_1_17' title='bbox 784 470 870 538; x_wconf 87' lang='lat' dir='ltr'><strong>atque</strong></span> <span class='ocrx_word' id='word_1_18' title='bbox 892 468 923 523; x_wconf 92' lang='lat' dir='ltr'><strong>id</strong></span> <span class='ocrx_word' id='word_1_19' title='bbox 946 487 1035 541; x_wconf 75' lang='lat' dir='ltr'><strong>genus</strong></span> <span class='ocrx_word' id='word_1_20' title='bbox 1053 472 1137 528; x_wconf 89' lang='lat' dir='ltr'><strong>rebus</strong></span> 
     </span>
     <span class='ocr_line' id='line_1_5' title="bbox 152 536 1135 612; baseline 0.008 -21"><span class='ocrx_word' id='word_1_21' title='bbox 152 536 233 592; x_wconf 90' lang='lat' dir='ltr'><strong>domi</strong></span> <span class='ocrx_word' id='word_1_22' title='bbox 254 536 393 606; x_wconf 84' lang='lat' dir='ltr'><strong>forisque,</strong></span> <span class='ocrx_word' id='word_1_23' title='bbox 422 536 447 592; x_wconf 92' lang='lat' dir='ltr'><strong>si</strong></span> <span class='ocrx_word' id='word_1_24' title='bbox 474 537 527 593; x_wconf 89' lang='lat' dir='ltr'><strong>filii</strong></span> <span class='ocrx_word' id='word_1_25' title='bbox 549 538 734 609; x_wconf 79' lang='lat' dir='ltr'><strong>magistratus</strong></span> <span class='ocrx_word' id='word_1_26' title='bbox 757 541 824 594; x_wconf 88' lang='lat' dir='ltr'><strong>sunt</strong></span> <span class='ocrx_word' id='word_1_27' title='bbox 846 542 877 596; x_wconf 88' lang='lat' dir='ltr'><strong>et</strong></span> <span class='ocrx_word' id='word_1_28' title='bbox 897 544 993 611; x_wconf 83' lang='lat' dir='ltr'><strong>patres</strong></span> <span class='ocrx_word' id='word_1_29' title='bbox 1016 542 1135 612; x_wconf 84' lang='lat' dir='ltr'><strong>privati;</strong></span> 
     </span>
    </p>
   </div>
   <div class='ocr_carea' id='block_1_2' title="bbox 83 608 1137 750">
    <p class='ocr_par' dir='ltr' id='par_1_3' title="bbox 83 608 1137 750">
     <span class='ocr_line' id='line_1_6' title="bbox 83 608 1137 686; baseline 0.008 -25"><span class='ocrx_word' id='word_1_30' title='bbox 83 610 100 652; x_wconf 77' lang='lat'>⁵</span> <span class='ocrx_word' id='word_1_31' title='bbox 152 624 294 678; x_wconf 88' lang='lat' dir='ltr'><strong>superque</strong></span> <span class='ocrx_word' id='word_1_32' title='bbox 312 624 347 663; x_wconf 92' lang='lat' dir='ltr'><strong>ea</strong></span> <span class='ocrx_word' id='word_1_33' title='bbox 363 624 395 663; x_wconf 87' lang='lat' dir='ltr'><strong>re</strong></span> <span class='ocrx_word' id='word_1_34' title='bbox 412 608 499 664; x_wconf 89' lang='lat' dir='ltr'><strong>Tauri</strong></span> <span class='ocrx_word' id='word_1_35' title='bbox 516 609 681 680; x_wconf 71' lang='lat' dir='ltr'><strong>philosophi</strong></span> <span class='ocrx_word' id='word_1_36' title='bbox 698 609 863 667; x_wconf 75' lang='lat' dir='ltr'><strong>dissertatio</strong></span> <span class='ocrx_word' id='word_1_37' title='bbox 881 614 912 668; x_wconf 91' lang='lat' dir='ltr'><strong>et</strong></span> <span class='ocrx_word' id='word_1_38' title='bbox 929 613 1089 686; x_wconf 87' lang='lat' dir='ltr'><strong>exemplum</strong></span> <span class='ocrx_word' id='word_1_39' title='bbox 1103 632 1137 671; x_wconf 85' lang='lat' dir='ltr'><strong>ex</strong></span> 
     </span>
     <span class='ocr_line' id='line_1_7' title="bbox 151 678 566 750; baseline 0.005 -16"><span class='ocrx_word' id='word_1_40' title='bbox 151 678 274 735; x_wconf 87' lang='lat' dir='ltr'><strong>historie</strong></span> <span class='ocrx_word' id='word_1_41' title='bbox 290 679 420 735; x_wconf 83' lang='lat' dir='ltr'><strong>Romana</strong></span> <span class='ocrx_word' id='word_1_42' title='bbox 436 679 566 750; x_wconf 90' lang='lat' dir='ltr'><strong>petitum.</strong></span> 
     </span>
    </p>
   </div>
   <div class='ocr_carea' id='block_1_3' title="bbox 72 807 1181 3028">
    <p class='ocr_par' dir='ltr' id='par_1_4' title="bbox 113 807 1179 1075">
     <span class='ocr_line' id='line_1_8' title="bbox 183 807 1179 899; baseline 0.01 -28"><span class='ocrx_word' id='word_1_43' title='bbox 183 807 237 871; x_wconf 88' lang='lat' dir='ltr'><strong>Ad</strong></span> <span class='ocrx_word' id='word_1_44' title='bbox 258 807 492 894; x_wconf 77' lang='lat' dir='ltr'><strong>philosophum</strong></span> <span class='ocrx_word' id='word_1_45' title='bbox 514 808 680 876; x_wconf 77' lang='lat' dir='ltr'><strong>Taurum</strong></span> <span class='ocrx_word' id='word_1_46' title='bbox 699 808 849 876; x_wconf 77' lang='lat' dir='ltr'><strong>Athenas</strong></span> <span class='ocrx_word' id='word_1_47' title='bbox 869 810 994 876; x_wconf 88' lang='lat' dir='ltr'><strong>visendi</strong></span> <span class='ocrx_word' id='word_1_48' title='bbox 1018 830 1137 899; x_wconf 78' lang='lat' dir='ltr'><strong>coguo-</strong></span> <span class='ocrx_word' id='word_1_49' title='bbox 1165 834 1179 883; x_wconf 81' lang='grc' dir='ltr'>ι</span> 
     </span>
     <span class='ocr_line' id='line_1_9' title="bbox 113 895 1134 985; baseline 0.005 -23"><span class='ocrx_word' id='word_1_50' title='bbox 113 895 294 980; x_wconf 89' lang='lat' dir='ltr'><strong>scendique</strong></span> <span class='ocrx_word' id='word_1_51' title='bbox 329 897 399 962; x_wconf 91' lang='lat' dir='ltr'><strong>eius</strong></span> <span class='ocrx_word' id='word_1_52' title='bbox 433 898 542 984; x_wconf 80' lang='lat' dir='ltr'><strong>gretia</strong></span> <span class='ocrx_word' id='word_1_53' title='bbox 569 897 825 984; x_wconf 65' lang='lat' dir='ltr'><strong>veneratus,</strong></span> <span class='ocrx_word' id='word_1_54' title='bbox 853 921 984 985; x_wconf 88' lang='lat' dir='ltr'><strong>praeses</strong></span> <span class='ocrx_word' id='word_1_55' title='bbox 1015 898 1134 967; x_wconf 80' lang='lat' dir='ltr'><strong>Cretae</strong></span> 
     </span>
     <span class='ocr_line' id='line_1_10' title="bbox 113 984 1134 1075; baseline 0.007 -26"><span class='ocrx_word' id='word_1_56' title='bbox 113 984 319 1071; x_wconf 82' lang='lat' dir='ltr'><strong>provinciae,</strong></span> <span class='ocrx_word' id='word_1_57' title='bbox 347 989 380 1051; x_wconf 93' lang='lat' dir='ltr'><strong>et</strong></span> <span class='ocrx_word' id='word_1_58' title='bbox 403 1007 478 1052; x_wconf 89' lang='lat' dir='ltr'><strong>eum</strong></span> <span class='ocrx_word' id='word_1_59' title='bbox 501 1008 539 1053; x_wconf 91' lang='lat' dir='ltr'><strong>eo</strong></span> <span class='ocrx_word' id='word_1_60' title='bbox 563 987 661 1054; x_wconf 92' lang='lat' dir='ltr'><strong>simul</strong></span> <span class='ocrx_word' id='word_1_61' title='bbox 684 987 829 1052; x_wconf 90' lang='lat' dir='ltr'><strong>eiusdem</strong></span> <span class='ocrx_word' id='word_1_62' title='bbox 851 989 1009 1074; x_wconf 86' lang='lat' dir='ltr'><strong>praesidis</strong></span> <span class='ocrx_word' id='word_1_63' title='bbox 1032 996 1134 1075; x_wconf 86' lang='lat' dir='ltr'><strong>pater.</strong></span> 
     </span>
    </p>

    <p class='ocr_par' dir='ltr' id='par_1_5' title="bbox 72 1073 1181 1519">
     <span class='ocr_line' id='line_1_11' title="bbox 72 1073 1181 1164; baseline 0.007 -24"><span class='ocrx_word' id='word_1_64' title='bbox 72 1099 101 1140; x_wconf 80' lang='lat' dir='ltr'><strong>no</strong></span> <span class='ocrx_word' id='word_1_65' title='bbox 113 1073 271 1140; x_wconf 89' lang='lat' dir='ltr'><strong>Taurus</strong></span> <span class='ocrx_word' id='word_1_66' title='bbox 294 1075 511 1142; x_wconf 82' lang='lat' dir='ltr'><strong>sectatoribus</strong></span> <span class='ocrx_word' id='word_1_67' title='bbox 535 1077 742 1143; x_wconf 88' lang='lat' dir='ltr'><strong>commodum</strong></span> <span class='ocrx_word' id='word_1_68' title='bbox 760 1076 903 1142; x_wconf 86' lang='lat' dir='ltr'><strong>dimissis</strong></span> <span class='ocrx_word' id='word_1_69' title='bbox 922 1078 1057 1144; x_wconf 84' lang='lat' dir='ltr'><strong>sedebat</strong></span> <span class='ocrx_word' id='word_1_70' title='bbox 1075 1101 1135 1164; x_wconf 91' lang='lat' dir='ltr'><strong>pro</strong></span> <span class='ocrx_word' id='word_1_71' title='bbox 1163 1098 1181 1148; x_wconf 70' lang='lat' dir='ltr'><strong>a</strong></span> 
     </span>
     <span class='ocr_line' id='line_1_12' title="bbox 113 1162 1135 1233; baseline 0.005 -5"><span class='ocrx_word' id='word_1_72' title='bbox 113 1162 260 1228; x_wconf 86' lang='lat' dir='ltr'><strong>cubiculi</strong></span> <span class='ocrx_word' id='word_1_73' title='bbox 283 1164 334 1230; x_wconf 89' lang='lat' dir='ltr'><strong>sui</strong></span> <span class='ocrx_word' id='word_1_74' title='bbox 356 1164 482 1229; x_wconf 87' lang='lat' dir='ltr'><strong>foribus</strong></span> <span class='ocrx_word' id='word_1_75' title='bbox 502 1169 535 1231; x_wconf 91' lang='lat' dir='ltr'><strong>et</strong></span> <span class='ocrx_word' id='word_1_76' title='bbox 553 1189 628 1232; x_wconf 87' lang='lat' dir='ltr'><strong>oum</strong></span> <span class='ocrx_word' id='word_1_77' title='bbox 647 1165 877 1231; x_wconf 85' lang='lat' dir='ltr'><strong>assistentibus</strong></span> <span class='ocrx_word' id='word_1_78' title='bbox 895 1167 992 1232; x_wconf 90' lang='lat' dir='ltr'><strong>nobis</strong></span> <span class='ocrx_word' id='word_1_79' title='bbox 1016 1189 1135 1233; x_wconf 85' lang='lat' dir='ltr'><strong>sermo</strong></span> 
     </span>
     <span class='ocr_line' id='line_1_13' title="bbox 112 1252 1180 1341; baseline 0.008 -25"><span class='ocrx_word' id='word_1_80' title='bbox 112 1252 298 1317; x_wconf 81' lang='lat' dir='ltr'><strong>sinebatur.</strong></span> <span class='ocrx_word' id='word_1_81' title='bbox 352 1252 507 1319; x_wconf 86' lang='lat' dir='ltr'><strong>Introivit</strong></span> <span class='ocrx_word' id='word_1_82' title='bbox 542 1255 728 1341; x_wconf 78' lang='lat' dir='ltr'><strong>provinciae</strong></span> <span class='ocrx_word' id='word_1_83' title='bbox 760 1276 890 1340; x_wconf 88' lang='lat' dir='ltr'><strong>praeses</strong></span> <span class='ocrx_word' id='word_1_84' title='bbox 923 1261 956 1320; x_wconf 90' lang='lat' dir='ltr'><strong>et</strong></span> <span class='ocrx_word' id='word_1_85' title='bbox 989 1278 1063 1322; x_wconf 89' lang='lat' dir='ltr'><strong>eum</strong></span> <span class='ocrx_word' id='word_1_86' title='bbox 1095 1279 1134 1322; x_wconf 91' lang='lat' dir='ltr'><strong>eo</strong></span> <span class='ocrx_word' id='word_1_87' title='bbox 1162 1276 1180 1326; x_wconf 81' lang='lat' dir='ltr'><strong>s</strong></span> 
     </span>
     <span class='ocr_line' id='line_1_14' title="bbox 112 1342 1179 1429; baseline 0.007 -24"><span class='ocrx_word' id='word_1_88' title='bbox 112 1346 224 1426; x_wconf 82' lang='lat' dir='ltr'><strong>peter3</strong></span> <span class='ocrx_word' id='word_1_89' title='bbox 247 1342 425 1408; x_wconf 82' lang='lat' dir='ltr'><strong>assurrexit</strong></span> <span class='ocrx_word' id='word_1_90' title='bbox 447 1343 573 1428; x_wconf 87' lang='lat' dir='ltr'><strong>placide</strong></span> <span class='ocrx_word' id='word_1_91' title='bbox 591 1343 741 1409; x_wconf 81' lang='lat' dir='ltr'><strong>Taurus</strong></span> <span class='ocrx_word' id='word_1_92' title='bbox 766 1348 799 1409; x_wconf 91' lang='lat' dir='ltr'><strong>et</strong></span> <span class='ocrx_word' id='word_1_93' title='bbox 821 1349 899 1429; x_wconf 92' lang='lat' dir='ltr'><strong>post</strong></span> <span class='ocrx_word' id='word_1_94' title='bbox 917 1350 1066 1411; x_wconf 90' lang='lat' dir='ltr'><strong>mutuam</strong></span> <span class='ocrx_word' id='word_1_95' title='bbox 1085 1367 1134 1411; x_wconf 86' lang='lat' dir='ltr'><strong>sa·</strong></span> <span class='ocrx_word' id='word_1_96' title='bbox 1161 1364 1179 1413; x_wconf 83' lang='lat'>4</span> 
     </span>
     <span class='ocr_line' id='line_1_15' title="bbox 113 1430 1180 1519; baseline 0.008 -26"><span class='ocrx_word' id='word_1_97' title='bbox 113 1430 314 1495; x_wconf 89' lang='lat' dir='ltr'><strong>lutationem</strong></span> <span class='ocrx_word' id='word_1_98' title='bbox 342 1431 472 1496; x_wconf 87' lang='lat' dir='ltr'><strong>resedit.</strong></span> <span class='ocrx_word' id='word_1_99' title='bbox 518 1432 630 1498; x_wconf 86' lang='lat' dir='ltr'><strong>Allata</strong></span> <span class='ocrx_word' id='word_1_100' title='bbox 659 1453 736 1509; x_wconf 82' lang='lat' dir='ltr'><strong>mox</strong></span> <span class='ocrx_word' id='word_1_101' title='bbox 764 1454 830 1497; x_wconf 87' lang='lat' dir='ltr'><strong>unu</strong></span> <span class='ocrx_word' id='word_1_102' title='bbox 853 1433 934 1498; x_wconf 90' lang='lat' dir='ltr'><strong>sella</strong></span> <span class='ocrx_word' id='word_1_103' title='bbox 956 1438 1023 1519; x_wconf 89' lang='lat' dir='ltr'><strong>est,</strong></span> <span class='ocrx_word' id='word_1_104' title='bbox 1051 1455 1134 1518; x_wconf 86' lang='lat' dir='ltr'><strong>quse</strong></span> <span class='ocrx_word' id='word_1_105' title='bbox 1162 1454 1180 1502; x_wconf 77' lang='lat' dir='ltr'><strong>e</strong></span> 
     </span>
    </p>

    <p class='ocr_par' dir='ltr' id='par_1_6' title="bbox 72 1519 1179 1962">
     <span class='ocr_line' id='line_1_16' title="bbox 72 1519 1134 1608; baseline 0.006 -27"><span class='ocrx_word' id='word_1_106' title='bbox 72 1540 100 1582; x_wconf 79' lang='lat' dir='ltr'><strong>rs</strong></span> <span class='ocrx_word' id='word_1_107' title='bbox 114 1519 153 1582; x_wconf 90' lang='lat' dir='ltr'><strong>in</strong></span> <span class='ocrx_word' id='word_1_108' title='bbox 174 1524 331 1604; x_wconf 87' lang='lat' dir='ltr'><strong>promptu</strong></span> <span class='ocrx_word' id='word_1_109' title='bbox 349 1525 429 1606; x_wconf 88' lang='lat' dir='ltr'><strong>erat,</strong></span> <span class='ocrx_word' id='word_1_110' title='bbox 451 1525 559 1607; x_wconf 90' lang='lat' dir='ltr'><strong>atque,</strong></span> <span class='ocrx_word' id='word_1_111' title='bbox 576 1522 655 1587; x_wconf 91' lang='lat' dir='ltr'><strong>dum</strong></span> <span class='ocrx_word' id='word_1_112' title='bbox 674 1521 756 1586; x_wconf 87' lang='lat' dir='ltr'><strong>aliae</strong></span> <span class='ocrx_word' id='word_1_113' title='bbox 774 1522 1019 1608; x_wconf 73' lang='lat' dir='ltr'><strong>promebantur,</strong></span> <span class='ocrx_word' id='word_1_114' title='bbox 1037 1543 1134 1608; x_wconf 86' lang='lat' dir='ltr'><strong>appo</strong></span> 
     </span>
     <span class='ocr_line' id='line_1_17' title="bbox 114 1606 1134 1696; baseline 0.003 -24"><span class='ocrx_word' id='word_1_115' title='bbox 114 1606 183 1673; x_wconf 83' lang='lat' dir='ltr'><strong>sita</strong></span> <span class='ocrx_word' id='word_1_116' title='bbox 206 1614 265 1673; x_wconf 91' lang='lat' dir='ltr'><strong>est.</strong></span> <span class='ocrx_word' id='word_1_117' title='bbox 301 1608 459 1675; x_wconf 77' lang='lat' dir='ltr'><strong>Invitavit</strong></span> <span class='ocrx_word' id='word_1_118' title='bbox 481 1609 630 1676; x_wconf 82' lang='lat' dir='ltr'><strong>Taurus</strong></span> <span class='ocrx_word' id='word_1_119' title='bbox 647 1615 775 1696; x_wconf 86' lang='lat' dir='ltr'><strong>petrem</strong></span> <span class='ocrx_word' id='word_1_120' title='bbox 792 1611 960 1695; x_wconf 86' lang='lat' dir='ltr'><strong>praesidis,</strong></span> <span class='ocrx_word' id='word_1_121' title='bbox 978 1611 1029 1676; x_wconf 92' lang='lat' dir='ltr'><strong>uti</strong></span> <span class='ocrx_word' id='word_1_122' title='bbox 1048 1612 1134 1675; x_wconf 81' lang='lat' dir='ltr'><strong>sede·</strong></span> 
     </span>
     <span class='ocr_line' id='line_1_18' title="bbox 114 1697 1179 1784; baseline 0.006 -23"><span class='ocrx_word' id='word_1_123' title='bbox 114 1702 175 1761; x_wconf 90' lang='lat' dir='ltr'><strong>ret.</strong></span> <span class='ocrx_word' id='word_1_124' title='bbox 221 1697 332 1782; x_wconf 89' lang='lat' dir='ltr'><strong>Atque</strong></span> <span class='ocrx_word' id='word_1_125' title='bbox 353 1698 410 1762; x_wconf 91' lang='lat' dir='ltr'><strong>ille</strong></span> <span class='ocrx_word' id='word_1_126' title='bbox 433 1698 480 1763; x_wconf 86' lang='lat' dir='ltr'><strong>uit</strong></span> <span class='ocrx_word' id='word_1_127' title='bbox 499 1697 629 1765; x_wconf 82' lang='lat' dir='ltr'><strong>‘Sedest</strong></span> <span class='ocrx_word' id='word_1_128' title='bbox 652 1699 706 1764; x_wconf 92' lang='lat' dir='ltr'><strong>hic</strong></span> <span class='ocrx_word' id='word_1_129' title='bbox 729 1698 840 1783; x_wconf 91' lang='lat' dir='ltr'><strong>potius</strong></span> <span class='ocrx_word' id='word_1_130' title='bbox 865 1699 920 1782; x_wconf 91' lang='lat' dir='ltr'><strong>qui</strong></span> <span class='ocrx_word' id='word_1_131' title='bbox 938 1699 1052 1784; x_wconf 87' lang='lat' dir='ltr'><strong>populi</strong></span> <span class='ocrx_word' id='word_1_132' title='bbox 1069 1698 1134 1763; x_wconf 82' lang='lat' dir='ltr'><strong>Ro-</strong></span> <span class='ocrx_word' id='word_1_133' title='bbox 1162 1718 1179 1768; x_wconf 78' lang='grc'><strong>6</strong></span> 
     </span>
     <span class='ocr_line' id='line_1_19' title="bbox 115 1785 1178 1873; baseline 0.005 -23"><span class='ocrx_word' id='word_1_134' title='bbox 115 1785 206 1850; x_wconf 84' lang='lat' dir='ltr'><strong>mani</strong></span> <span class='ocrx_word' id='word_1_135' title='bbox 236 1786 450 1873; x_wconf 76' lang='lat' dir='ltr'><strong>magistratus</strong></span> <span class='ocrx_word' id='word_1_136' title='bbox 481 1787 551 1852; x_wconf 87' lang='lat' dir='ltr'><strong>est&#39;.</strong></span> <span class='ocrx_word' id='word_1_137' title='bbox 598 1787 745 1871; x_wconf 78' lang='lat' dir='ltr'><strong>‘Absque</strong></span> <span class='ocrx_word' id='word_1_138' title='bbox 775 1786 995 1871; x_wconf 87' lang='lat' dir='ltr'><strong>praeiudicio&#39;,</strong></span> <span class='ocrx_word' id='word_1_139' title='bbox 1026 1787 1135 1871; x_wconf 92' lang='lat' dir='ltr'><strong>inquit</strong></span> <span class='ocrx_word' id='word_1_140' title='bbox 1162 1805 1178 1855; x_wconf 79' lang='lat'><strong>‘1</strong></span> 
     </span>
     <span class='ocr_line' id='line_1_20' title="bbox 116 1873 1135 1962; baseline 0.002 -23"><span class='ocrx_word' id='word_1_141' title='bbox 116 1873 281 1960; x_wconf 81' lang='lat' dir='ltr'><strong>Taurus,</strong></span> <span class='ocrx_word' id='word_1_142' title='bbox 305 1874 354 1940; x_wconf 77' lang='lat' dir='ltr'><strong>‘tu</strong></span> <span class='ocrx_word' id='word_1_143' title='bbox 375 1875 501 1941; x_wconf 88' lang='lat' dir='ltr'><strong>interea</strong></span> <span class='ocrx_word' id='word_1_144' title='bbox 524 1878 608 1962; x_wconf 91' lang='lat' dir='ltr'><strong>sede,</strong></span> <span class='ocrx_word' id='word_1_145' title='bbox 631 1877 708 1941; x_wconf 90' lang='lat' dir='ltr'><strong>dum</strong></span> <span class='ocrx_word' id='word_1_146' title='bbox 726 1875 917 1961; x_wconf 81' lang='lat' dir='ltr'><strong>inspicimus</strong></span> <span class='ocrx_word' id='word_1_147' title='bbox 937 1875 1135 1960; x_wconf 88' lang='lat' dir='ltr'><strong>quaerimus-</strong></span> 
     </span>
    </p>

    <p class='ocr_par' dir='ltr' id='par_1_7' title="bbox 75 1964 1179 2405">
     <span class='ocr_line' id='line_1_21' title="bbox 75 1964 1179 2120; baseline 0.003 -3"><span class='ocrx_word' id='word_1_148' title='bbox 75 1967 324 2117; x_wconf 58' lang='lat' dir='ltr'><strong>&#39;⁰32¹th</strong></span> <span class='ocrx_word' id='word_1_149' title='bbox 344 1964 617 2120; x_wconf 63' lang='lat'><strong>,.,.,.1.3„,.3</strong></span> <span class='ocrx_word' id='word_1_150' title='bbox 635 1964 1179 2120; x_wconf 44' lang='lat' dir='ltr'><strong>,ggusffissgffsaffiegsssg</strong></span> 
     </span>
     <span class='ocr_line' id='line_1_22' title="bbox 114 2073 1134 2227; baseline 0.003 -22"><span class='ocrx_word' id='word_1_151' title='bbox 114 2140 219 2206; x_wconf 86' lang='lat' dir='ltr'><strong>disset</strong></span> <span class='ocrx_word' id='word_1_152' title='bbox 234 2073 490 2227; x_wconf 60' lang='lat' dir='ltr'><strong>spp&#39;oilituqubl</strong></span> <span class='ocrx_word' id='word_1_153' title='bbox 503 2077 600 2208; x_wconf 63' lang='lat' dir='ltr'><strong>esdodl</strong></span> <span class='ocrx_word' id='word_1_154' title='bbox 608 2142 696 2207; x_wconf 87' lang='lat' dir='ltr'><strong>aliud</strong></span> <span class='ocrx_word' id='word_1_155' title='bbox 706 2105 783 2206; x_wconf 57' lang='lat' dir='ltr'><strong>&#39;filio</strong></span> <span class='ocrx_word' id='word_1_156' title='bbox 798 2077 1010 2226; x_wconf 63' lang='lat' dir='ltr'><strong>quoquebius</strong></span> <span class='ocrx_word' id='word_1_157' title='bbox 1024 2143 1134 2227; x_wconf 89' lang='lat' dir='ltr'><strong>sedile,</strong></span> 
     </span>
     <span class='ocr_line' id='line_1_23' title="bbox 114 2230 1134 2316; baseline 0.001 -22"><span class='ocrx_word' id='word_1_158' title='bbox 114 2230 217 2295; x_wconf 79' lang='lat' dir='ltr'><strong>rerba</strong></span> <span class='ocrx_word' id='word_1_159' title='bbox 240 2252 339 2315; x_wconf 87' lang='lat' dir='ltr'><strong>super</strong></span> <span class='ocrx_word' id='word_1_160' title='bbox 356 2252 395 2295; x_wconf 90' lang='lat' dir='ltr'><strong>ea</strong></span> <span class='ocrx_word' id='word_1_161' title='bbox 411 2253 447 2295; x_wconf 91' lang='lat' dir='ltr'><strong>re</strong></span> <span class='ocrx_word' id='word_1_162' title='bbox 465 2230 614 2297; x_wconf 78' lang='lat' dir='ltr'><strong>Taurus</strong></span> <span class='ocrx_word' id='word_1_163' title='bbox 632 2231 714 2297; x_wconf 83' lang='lat' dir='ltr'><strong>feeit</strong></span> <span class='ocrx_word' id='word_1_164' title='bbox 733 2253 807 2296; x_wconf 90' lang='lat' dir='ltr'><strong>eum</strong></span> <span class='ocrx_word' id='word_1_165' title='bbox 826 2253 962 2316; x_wconf 89' lang='lat' dir='ltr'><strong>summa,</strong></span> <span class='ocrx_word' id='word_1_166' title='bbox 981 2230 1026 2295; x_wconf 91' lang='lat' dir='ltr'><strong>dii</strong></span> <span class='ocrx_word' id='word_1_167' title='bbox 1045 2230 1134 2316; x_wconf 89' lang='lat' dir='ltr'><strong>boni,</strong></span> 
     </span>
     <span class='ocr_line' id='line_1_24' title="bbox 114 2318 890 2405; baseline 0.001 -22"><span class='ocrx_word' id='word_1_168' title='bbox 114 2318 280 2385; x_wconf 86' lang='lat' dir='ltr'><strong>honorum</strong></span> <span class='ocrx_word' id='word_1_169' title='bbox 303 2324 400 2403; x_wconf 90' lang='lat' dir='ltr'><strong>atque</strong></span> <span class='ocrx_word' id='word_1_170' title='bbox 424 2319 609 2385; x_wconf 89' lang='lat' dir='ltr'><strong>officiorum</strong></span> <span class='ocrx_word' id='word_1_171' title='bbox 631 2320 890 2405; x_wconf 86' lang='lat' dir='ltr'><strong>perpensatione.</strong></span> 
     </span>
    </p>

    <p class='ocr_par' dir='ltr' id='par_1_8' title="bbox 80 2407 1179 2850">
     <span class='ocr_line' id='line_1_25' title="bbox 80 2407 1179 2493; baseline 0.003 -23"><span class='ocrx_word' id='word_1_172' title='bbox 80 2428 104 2470; x_wconf 81' lang='lat' dir='ltr'><strong>rs</strong></span> <span class='ocrx_word' id='word_1_173' title='bbox 182 2407 310 2473; x_wconf 79' lang='lat' dir='ltr'><strong>Eorum</strong></span> <span class='ocrx_word' id='word_1_174' title='bbox 332 2409 506 2474; x_wconf 87' lang='lat' dir='ltr'><strong>verborum</strong></span> <span class='ocrx_word' id='word_1_175' title='bbox 529 2409 692 2475; x_wconf 89' lang='lat' dir='ltr'><strong>sententia</strong></span> <span class='ocrx_word' id='word_1_176' title='bbox 714 2408 794 2474; x_wconf 88' lang='lat' dir='ltr'><strong>heee</strong></span> <span class='ocrx_word' id='word_1_177' title='bbox 821 2409 898 2474; x_wconf 86' lang='lat' dir='ltr'><strong>fuit:</strong></span> <span class='ocrx_word' id='word_1_178' title='bbox 926 2407 966 2473; x_wconf 80' lang='lat' dir='ltr'><strong>ln</strong></span> <span class='ocrx_word' id='word_1_179' title='bbox 992 2407 1133 2493; x_wconf 84' lang='lat' dir='ltr'><strong>publicis</strong></span> <span class='ocrx_word' id='word_1_180' title='bbox 1161 2423 1179 2473; x_wconf 78' lang='lat' dir='ltr'><strong>s</strong></span> 
     </span>
     <span class='ocr_line' id='line_1_26' title="bbox 115 2496 1134 2582; baseline -0.001 -22"><span class='ocrx_word' id='word_1_181' title='bbox 115 2496 196 2562; x_wconf 85' lang='lat' dir='ltr'><strong>locis</strong></span> <span class='ocrx_word' id='word_1_182' title='bbox 220 2501 320 2580; x_wconf 84' lang='lat' dir='ltr'><strong>etque</strong></span> <span class='ocrx_word' id='word_1_183' title='bbox 348 2498 537 2563; x_wconf 86' lang='lat' dir='ltr'><strong>muneribus</strong></span> <span class='ocrx_word' id='word_1_184' title='bbox 568 2503 667 2582; x_wconf 85' lang='lat' dir='ltr'><strong>atque</strong></span> <span class='ocrx_word' id='word_1_185' title='bbox 695 2497 879 2562; x_wconf 79' lang='lat' dir='ltr'><strong>ustionibus</strong></span> <span class='ocrx_word' id='word_1_186' title='bbox 906 2501 1038 2582; x_wconf 87' lang='lat' dir='ltr'><strong>patrum</strong></span> <span class='ocrx_word' id='word_1_187' title='bbox 1061 2496 1134 2559; x_wconf 86' lang='lat' dir='ltr'><strong>iura</strong></span> 
     </span>
     <span class='ocr_line' id='line_1_27' title="bbox 114 2583 1133 2673; baseline -0.003 -22"><span class='ocrx_word' id='word_1_188' title='bbox 114 2607 190 2651; x_wconf 88' lang='lat' dir='ltr'><strong>oum</strong></span> <span class='ocrx_word' id='word_1_189' title='bbox 222 2586 382 2671; x_wconf 88' lang='lat' dir='ltr'><strong>filiorum,</strong></span> <span class='ocrx_word' id='word_1_190' title='bbox 414 2586 470 2670; x_wconf 91' lang='lat' dir='ltr'><strong>qui</strong></span> <span class='ocrx_word' id='word_1_191' title='bbox 496 2587 533 2650; x_wconf 90' lang='lat' dir='ltr'><strong>in</strong></span> <span class='ocrx_word' id='word_1_192' title='bbox 563 2586 761 2673; x_wconf 83' lang='lat' dir='ltr'><strong>magistratu</strong></span> <span class='ocrx_word' id='word_1_193' title='bbox 789 2591 883 2671; x_wconf 92' lang='lat' dir='ltr'><strong>suut,</strong></span> <span class='ocrx_word' id='word_1_194' title='bbox 911 2583 1133 2670; x_wconf 81' lang='lat' dir='ltr'><strong>potestatibus</strong></span> 
     </span>
     <span class='ocr_line' id='line_1_28' title="bbox 114 2672 1133 2760; baseline -0.003 -20"><span class='ocrx_word' id='word_1_195' title='bbox 114 2674 238 2740; x_wconf 72' lang='lat' dir='ltr'><strong>collata</strong></span> <span class='ocrx_word' id='word_1_196' title='bbox 265 2674 517 2758; x_wconf 88' lang='lat' dir='ltr'><strong>interquiescere</strong></span> <span class='ocrx_word' id='word_1_197' title='bbox 538 2676 708 2760; x_wconf 92' lang='lat' dir='ltr'><strong>paululum</strong></span> <span class='ocrx_word' id='word_1_198' title='bbox 731 2679 765 2739; x_wconf 90' lang='lat' dir='ltr'><strong>et</strong></span> <span class='ocrx_word' id='word_1_199' title='bbox 788 2674 951 2758; x_wconf 86' lang='lat' dir='ltr'><strong>conivere,</strong></span> <span class='ocrx_word' id='word_1_200' title='bbox 979 2672 1035 2738; x_wconf 90' lang='lat' dir='ltr'><strong>sed</strong></span> <span class='ocrx_word' id='word_1_201' title='bbox 1059 2694 1133 2738; x_wconf 89' lang='lat' dir='ltr'><strong>cum</strong></span> 
     </span>
     <span class='ocr_line' id='line_1_29' title="bbox 115 2760 1135 2850; baseline -0.004 -22"><span class='ocrx_word' id='word_1_202' title='bbox 115 2767 209 2829; x_wconf 86' lang='lat' dir='ltr'><strong>extra</strong></span> <span class='ocrx_word' id='word_1_203' title='bbox 226 2763 462 2850; x_wconf 76' lang='lat' dir='ltr'><strong>rempublicam</strong></span> <span class='ocrx_word' id='word_1_204' title='bbox 480 2764 515 2828; x_wconf 92' lang='lat' dir='ltr'><strong>in</strong></span> <span class='ocrx_word' id='word_1_205' title='bbox 532 2764 712 2829; x_wconf 85' lang='lat' dir='ltr'><strong>domestice</strong></span> <span class='ocrx_word' id='word_1_206' title='bbox 730 2784 765 2828; x_wconf 91' lang='lat' dir='ltr'><strong>rc</strong></span> <span class='ocrx_word' id='word_1_207' title='bbox 779 2768 876 2847; x_wconf 88' lang='lat' dir='ltr'><strong>atque</strong></span> <span class='ocrx_word' id='word_1_208' title='bbox 891 2763 960 2827; x_wconf 86' lang='lat' dir='ltr'><strong>vita</strong></span> <span class='ocrx_word' id='word_1_209' title='bbox 974 2760 1135 2846; x_wconf 84' lang='lat' dir='ltr'><strong>sedeatur,</strong></span> 
     </span>
    </p>

    <p class='ocr_par' dir='ltr' id='par_1_9' title="bbox 84 2848 1133 3028">
     <span class='ocr_line' id='line_1_30' title="bbox 84 2848 1133 2938; baseline 0.001 -26"><span class='ocrx_word' id='word_1_210' title='bbox 84 2852 319 2938; x_wconf 73' lang='lat' dir='ltr'><strong>oambsdetur,</strong></span> <span class='ocrx_word' id='word_1_211' title='bbox 340 2852 377 2917; x_wconf 92' lang='lat' dir='ltr'><strong>in</strong></span> <span class='ocrx_word' id='word_1_212' title='bbox 398 2852 547 2918; x_wconf 80' lang='lat' dir='ltr'><strong>convivio</strong></span> <span class='ocrx_word' id='word_1_213' title='bbox 570 2873 699 2938; x_wconf 91' lang='lat' dir='ltr'><strong>quoque</strong></span> <span class='ocrx_word' id='word_1_214' title='bbox 721 2851 877 2918; x_wconf 77' lang='lat' dir='ltr'><strong>familiari</strong></span> <span class='ocrx_word' id='word_1_215' title='bbox 900 2848 1133 2934; x_wconf 84' lang='lat' dir='ltr'><strong>discumbatur,</strong></span> 
     </span>
     <span class='ocr_line' id='line_1_31' title="bbox 112 2937 1133 3028; baseline -0.006 -19"><span class='ocrx_word' id='word_1_216' title='bbox 112 2946 186 3009; x_wconf 86' lang='lat' dir='ltr'><strong>tum</strong></span> <span class='ocrx_word' id='word_1_217' title='bbox 218 2942 307 3008; x_wconf 89' lang='lat' dir='ltr'><strong>inter</strong></span> <span class='ocrx_word' id='word_1_218' title='bbox 337 2941 443 3007; x_wconf 90' lang='lat' dir='ltr'><strong>filium</strong></span> <span class='ocrx_word' id='word_1_219' title='bbox 474 2941 705 3028; x_wconf 79' lang='lat' dir='ltr'><strong>magistratum</strong></span> <span class='ocrx_word' id='word_1_220' title='bbox 737 2945 771 3006; x_wconf 91' lang='lat' dir='ltr'><strong>et</strong></span> <span class='ocrx_word' id='word_1_221' title='bbox 802 2943 930 3026; x_wconf 87' lang='lat' dir='ltr'><strong>petrem</strong></span> <span class='ocrx_word' id='word_1_222' title='bbox 968 2937 1133 3023; x_wconf 83' lang='lat' dir='ltr'><strong>privatum</strong></span> 
     </span>
    </p>
   </div>
   <div class='ocr_carea' id='block_1_4' title="bbox 76 3026 1179 3559">
    <p class='ocr_par' dir='ltr' id='par_1_10' title="bbox 76 3026 1179 3559">
     <span class='ocr_line' id='line_1_32' title="bbox 112 3026 1132 3149; baseline -0.007 -52"><span class='ocrx_word' id='word_1_223' title='bbox 112 3031 267 3149; x_wconf 69' lang='lat' dir='ltr'><strong>publicos</strong></span> <span class='ocrx_word' id='word_1_224' title='bbox 284 3029 425 3095; x_wconf 88' lang='lat' dir='ltr'><strong>honores</strong></span> <span class='ocrx_word' id='word_1_225' title='bbox 445 3051 581 3116; x_wconf 85' lang='lat' dir='ltr'><strong>cessere,</strong></span> <span class='ocrx_word' id='word_1_226' title='bbox 601 3029 768 3096; x_wconf 89' lang='lat' dir='ltr'><strong>naturales</strong></span> <span class='ocrx_word' id='word_1_227' title='bbox 783 3033 817 3094; x_wconf 93' lang='lat' dir='ltr'><strong>et</strong></span> <span class='ocrx_word' id='word_1_228' title='bbox 832 3028 990 3116; x_wconf 84' lang='lat' dir='ltr'><strong>genuinos</strong></span> <span class='ocrx_word' id='word_1_229' title='bbox 1005 3026 1132 3091; x_wconf 85' lang='lat' dir='ltr'><strong>exoriri.</strong></span> 
     </span>
     <span class='ocr_line' id='line_1_33' title="bbox 123 3114 1179 3207; baseline -0.009 -21"><span class='ocrx_word' id='word_1_230' title='bbox 123 3119 200 3187; x_wconf 92' lang='lat' dir='ltr'><strong>Hoc</strong></span> <span class='ocrx_word' id='word_1_231' title='bbox 213 3118 340 3207; x_wconf 79' lang='lat' dir='ltr'><strong>igitur,&#39;</strong></span> <span class='ocrx_word' id='word_1_232' title='bbox 353 3118 462 3204; x_wconf 90' lang='lat' dir='ltr'><strong>inquit</strong></span> <span class='ocrx_word' id='word_1_233' title='bbox 476 3119 575 3203; x_wconf 78' lang='lat' dir='ltr'><strong>‘quod</strong></span> <span class='ocrx_word' id='word_1_234' title='bbox 589 3120 631 3184; x_wconf 89' lang='lat' dir='ltr'><strong>ad</strong></span> <span class='ocrx_word' id='word_1_235' title='bbox 644 3141 696 3184; x_wconf 91' lang='lat' dir='ltr'><strong>me</strong></span> <span class='ocrx_word' id='word_1_236' title='bbox 710 3117 856 3203; x_wconf 87' lang='lat' dir='ltr'><strong>venistis,</strong></span> <span class='ocrx_word' id='word_1_237' title='bbox 874 3116 962 3202; x_wconf 91' lang='lat' dir='ltr'><strong>quod</strong></span> <span class='ocrx_word' id='word_1_238' title='bbox 978 3114 1179 3200; x_wconf 86' lang='lat' dir='ltr'><strong>colloqui-10</strong></span> 
     </span>
     <span class='ocr_line' id='line_1_34' title="bbox 110 3203 1132 3295; baseline -0.01 -19"><span class='ocrx_word' id='word_1_239' title='bbox 110 3230 187 3276; x_wconf 88' lang='lat' dir='ltr'><strong>mur</strong></span> <span class='ocrx_word' id='word_1_240' title='bbox 209 3230 309 3295; x_wconf 88' lang='lat' dir='ltr'><strong>nunc,</strong></span> <span class='ocrx_word' id='word_1_241' title='bbox 331 3208 417 3292; x_wconf 87' lang='lat' dir='ltr'><strong>quod</strong></span> <span class='ocrx_word' id='word_1_242' title='bbox 440 3208 479 3274; x_wconf 93' lang='lat' dir='ltr'><strong>de</strong></span> <span class='ocrx_word' id='word_1_243' title='bbox 503 3207 620 3274; x_wconf 88' lang='lat' dir='ltr'><strong>officiis</strong></span> <span class='ocrx_word' id='word_1_244' title='bbox 644 3208 873 3293; x_wconf 88' lang='lat' dir='ltr'><strong>disceptamus,</strong></span> <span class='ocrx_word' id='word_1_245' title='bbox 894 3205 1024 3292; x_wconf 85' lang='lat' dir='ltr'><strong>private</strong></span> <span class='ocrx_word' id='word_1_246' title='bbox 1046 3203 1132 3270; x_wconf 89' lang='lat' dir='ltr'><strong>actio</strong></span> 
     </span>
     <span class='ocr_line' id='line_1_35' title="bbox 76 3293 1131 3383; baseline -0.008 -18"><span class='ocrx_word' id='word_1_247' title='bbox 76 3304 171 3365; x_wconf 76' lang='lat' dir='ltr'><strong>esse.</strong></span> <span class='ocrx_word' id='word_1_248' title='bbox 210 3297 330 3382; x_wconf 88' lang='lat' dir='ltr'><strong>Itaque</strong></span> <span class='ocrx_word' id='word_1_249' title='bbox 347 3302 440 3362; x_wconf 88' lang='lat' dir='ltr'><strong>utere</strong></span> <span class='ocrx_word' id='word_1_250' title='bbox 458 3297 544 3383; x_wconf 81' lang='lat' dir='ltr'><strong>apud</strong></span> <span class='ocrx_word' id='word_1_251' title='bbox 562 3319 613 3363; x_wconf 89' lang='lat' dir='ltr'><strong>me</strong></span> <span class='ocrx_word' id='word_1_252' title='bbox 631 3297 683 3361; x_wconf 91' lang='lat' dir='ltr'><strong>his</strong></span> <span class='ocrx_word' id='word_1_253' title='bbox 701 3295 881 3361; x_wconf 90' lang='lat' dir='ltr'><strong>honoribus</strong></span> <span class='ocrx_word' id='word_1_254' title='bbox 899 3294 1000 3380; x_wconf 90' lang='lat' dir='ltr'><strong>prius,</strong></span> <span class='ocrx_word' id='word_1_255' title='bbox 1014 3293 1131 3376; x_wconf 87' lang='lat' dir='ltr'><strong>quibus</strong></span> 
     </span>
     <span class='ocr_line' id='line_1_36' title="bbox 106 3383 939 3471; baseline -0.008 -17"><span class='ocrx_word' id='word_1_256' title='bbox 106 3387 204 3454; x_wconf 89' lang='lat' dir='ltr'><strong>domi</strong></span> <span class='ocrx_word' id='word_1_257' title='bbox 229 3407 358 3471; x_wconf 90' lang='lat' dir='ltr'><strong>quoque</strong></span> <span class='ocrx_word' id='word_1_258' title='bbox 381 3390 509 3453; x_wconf 78' lang='lat' dir='ltr'><strong>vestrae</strong></span> <span class='ocrx_word' id='word_1_259' title='bbox 532 3391 566 3452; x_wconf 91' lang='lat' dir='ltr'><strong>te</strong></span> <span class='ocrx_word' id='word_1_260' title='bbox 588 3385 639 3450; x_wconf 91' lang='lat' dir='ltr'><strong>uti</strong></span> <span class='ocrx_word' id='word_1_261' title='bbox 661 3386 804 3471; x_wconf 88' lang='lat' dir='ltr'><strong>priorem</strong></span> <span class='ocrx_word' id='word_1_262' title='bbox 827 3383 939 3449; x_wconf 89' lang='lat' dir='ltr'><strong>decet&#39;.</strong></span> 
     </span>
     <span class='ocr_line' id='line_1_37' title="bbox 176 3468 1176 3559; baseline -0.011 -17"><span class='ocrx_word' id='word_1_263' title='bbox 176 3475 274 3542; x_wconf 82' lang='lat' dir='ltr'><strong>Haec</strong></span> <span class='ocrx_word' id='word_1_264' title='bbox 304 3479 402 3559; x_wconf 85' lang='lat' dir='ltr'><strong>atque</strong></span> <span class='ocrx_word' id='word_1_265' title='bbox 432 3476 496 3541; x_wconf 84' lang='lat' dir='ltr'><strong>alia</strong></span> <span class='ocrx_word' id='word_1_266' title='bbox 524 3475 561 3540; x_wconf 91' lang='lat' dir='ltr'><strong>in</strong></span> <span class='ocrx_word' id='word_1_267' title='bbox 589 3475 724 3540; x_wconf 85' lang='lat' dir='ltr'><strong>eundem</strong></span> <span class='ocrx_word' id='word_1_268' title='bbox 754 3473 951 3539; x_wconf 84' lang='lat' dir='ltr'><strong>seutentiam</strong></span> <span class='ocrx_word' id='word_1_269' title='bbox 973 3468 1176 3536; x_wconf 81' lang='lat' dir='ltr'><strong>Taurusll</strong></span> 
     </span>
    </p>
   </div>
   <div class='ocr_carea' id='block_1_5' title="bbox 164 3580 972 3633">
    <p class='ocr_par' dir='ltr' id='par_1_11' title="bbox 164 3580 972 3633">
     <span class='ocr_line' id='line_1_38' title="bbox 164 3580 972 3633; baseline -0.005 -1"><span class='ocrx_word' id='word_1_270' title='bbox 164 3591 287 3633; x_wconf 72' lang='lat' dir='ltr'><strong>annuns</strong></span> <span class='ocrx_word' id='word_1_271' title='bbox 956 3580 972 3628; x_wconf 83' lang='lat'><strong>6</strong></span> 
     </span>
    </p>
   </div>
   <div class='ocr_carea' id='block_1_6' title="bbox 0 0 1200 3886">
    <p class='ocr_par' dir='ltr' id='par_1_12' title="bbox 0 0 1200 3886">
     <span class='ocr_line' id='line_1_39' title="bbox 0 0 1200 3886; baseline 0 0"><span class='ocrx_word' id='word_1_272' title='bbox 0 0 1200 3886; x_wconf 95' lang='lat' dir='ltr'><strong> </strong></span> 
     </span>
    </p>
   </div>
  </div>
 </body>
</html>
