2392 3886
137 133 201 198 100

605 348 676 415 XX.

133 468 212 535 Quas
226 470 310 539 volgo
321 469 454 524 dicuntur
465 468 608 537 ‘rivaria',
622 469 654 523 id
662 469 833 526 vocabulum
842 472 954 525 veteres
969 486 1028 526 non
1036 470 1141 537 diriora

169 542 199 594 et
213 540 282 608 quid
295 557 347 611 pro
362 557 395 596 eo
409 540 439 594 P.
455 539 550 610 Scipio
564 539 596 594 in
609 540 739 595 oratione
753 540 791 595 ad
804 540 954 612 populum,
972 540 1043 610 quid
1055 542 1142 613 portos

169 610 206 666 M.
226 611 314 667 Varro
333 610 364 665 in
381 610 463 666 libris
482 610 517 665 do
536 627 566 665 re
584 610 692 666 rustica
710 609 823 666 dixerit.
845 628 918 667 *s*

108 756 122 805 1
201 737 372 824 ‘Vivaria’,
390 760 473 823 quae
491 759 578 803 nunc
596 737 749 803 dicuntur
767 742 882 823 saepta
896 738 1060 823 quaedam
1074 738 1144 823 loca
1161 756 1170 797 ⁸

107 827 177 983 a
191 826 421 981 salsis?
434 825 817 999 lltttlt'ffl
832 824 1029 1001 ltili?
1047 828 1145 981 tlt

132 1001 325 1068 Varronis
358 1003 495 1069 subieci:
531 1001 746 1069 villaticae
777 1002 977 1089 pastionis
1018 1026 1145 1091 genera

133 1097 224 1157 sunt
265 1091 357 1176 tria,
402 1091 646 1177 ornithonas,
689 1091 902 1177 leporaria,
948 1092 1144 1178 [piscinae.

133 1179 243 1246 Nunc
277 1180 510 1245 ornithonas
547 1180 633 1245 dico
666 1180 836 1245 omnium
867 1180 1025 1267 alitum,
1061 1197 1172 1267 quaes

133 1268 240 1333 intra
265 1269 438 1353 parietes
461 1269 579 1335 villae
603 1268 735 1334 solent
757 1269 875 1354 pasci.
920 1268 1145 1356 Leporaria]

133 1362 172 1423 te
202 1357 377 1440 accipere
404 1358 507 1443 volo,
535 1378 611 1421 non
637 1378 694 1443 ca,
723 1378 819 1442 quac
849 1357 994 1424 tritavi
1025 1358 1146 1425 nostri

134 1445 333 1530 dicebant,
369 1445 546 1511 ubi'soli
587 1446 742 1531 lepores
784 1446 882 1531 sint,
917 1446 986 1512 sed
1028 1448 1146 1516 omnia

133 1539 283 1619 saepta,
310 1533 458 1600 adficta
480 1534 599 1600 villae
627 1555 723 1618 qnae
751 1538 902 1601 suntet
929 1535 1078 1603 habent
1098 1536 1147 1601 in·

106 1623 243 1690 sclusa
265 1623 464 1708 animalia,
491 1644 588 1708 quae
615 1627 838 1708 pascuntur.
883 1622 918 1687 ls
940 1623 1026 1690 itam
1051 1624 1172 1690 infrass

133 1714 263 1779 eodem
290 1712 330 1777 in
358 1711 461 1777 libro
484 1712 533 1777 ita
556 1710 684 1777 scribit:
716 1708 809 1777 Cum
832 1711 965 1777 emisti
994 1712 1147 1779 fundum

132 1801 391 1869 Tusculanum
405 1824 425 1866 a
438 1800 481 1865 M.
495 1799 652 1885 Pisone,
668 1800 710 1864 in
726 1799 925 1885 leporario
939 1802 1028 1885 apri
1040 1800 1147 1869 multi

132 1890 248 1957 fuere.

105 1996 123 2044 4
200 1978 366 2044 ‘Vivaria'
390 1981 500 2042 autem
519 1997 601 2060 quae
624 1997 711 2042 nunc
729 1976 848 2062 vulgus
866 1975 956 2062 dicit,
979 1998 1064 2063 quos
1083 1979 1147 2045 ‘uu-

133 2065 325 2152 pateocovo'
357 2064 472 2130 Graeci
502 2065 668 2151 appellant
699 2062 798 2152 (quae
826 2064 1022 2150 ‘leporario'
1048 2065 1174 2135 Varro»

20 2152 24 2166 '
132 2152 237 2241 dicit),
256 2154 337 2218 haut
356 2174 494 2237 usquam
513 2152 646 2219 memini
665 2153 751 2238 apud
769 2153 965 2219 vetustiores
985 2156 1148 2242 scriptum

105 2242 196 2309 oSed
219 2242 306 2326 qnod
325 2242 410 2326 apud
434 2239 669 2327 Scipionem,
692 2241 839 2307 omnium
858 2242 977 2308 aetatis
996 2265 1078 2311 snae
1098 2266 1148 2331 pu·

131 2331 260 2396 tissime
282 2331 443 2416 locutum,
469 2331 610 2417 legimus
638 2329 850 2416 ‘roboraria',
877 2330 1007 2415 aliquot
1028 2332 1148 2401 Romae

131 2421 245 2486 doctos
264 2419 352 2483 viros
376 2419 481 2484 dicere
505 2418 613 2484 audivi
630 2419 666 2483 id
688 2418 883 2506 significare,
905 2420 995 2504 quod
1012 2442 1076 2489 nos
1098 2422 1149 2487 ‘ri-

131 2508 232 2583 varia'
263 2507 415 2592 dicimus,
445 2508 672 2593 appellataque
695 2529 766 2573 esso
794 2530 814 2572 a
841 2506 964 2573 tabulis
995 2510 1176 2596 roboreis*

133 2598 252 2682 quibus
275 2601 389 2682 saepta
412 2601 535 2682 essent,
562 2596 649 2681 quod
672 2617 775 2683 genus
799 2601 989 2681 saeptorum
1011 2598 1148 2665 vidimus

105 2685 168 2753 oin
194 2684 292 2751 Italia
320 2685 403 2752 locis
429 2685 601 2771 plerisque.
646 2684 757 2751 Verba
784 2707 828 2749 ex
856 2684 1039 2753 oratione
1070 2688 1148 2755 eins

133 2779 269 2840 contra
288 2771 492 2840 Claudium
509 2773 684 2839 Asellum
703 2773 841 2858 quinta
862 2773 942 2839 haec
960 2779 1055 2841 sunt:
1078 2774 1149 2843 vbi

133 2884 248 2949 agros
268 2864 412 2948 optimc
426 2863 555 2929 cultos
575 2866 690 2947 atque
704 2861 820 2928 villas
839 2861 1148 2947 expolitissimas

132 2951 312 3036 vidisset,
342 2952 383 3016 in
411 2951 473 3017 his
502 2950 733 3052 regionibus
764 2949 1035 3018 excelsissimo
1066 2953 1179 3021 loco!

134 3062 308 3127 grumum
332 3044 506 3104 statuere
530 3040 676 3125 a1ebat3
702 3039 790 3104 inde
814 3039 1014 3125 corrigere
1036 3042 1150 3127 viam,

134 3129 224 3194 aliis
255 3150 322 3213 psr
349 3128 481 3192 vineas
505 3128 665 3213 medias,
693 3127 785 3193 aliis
814 3149 882 3211 pcr
904 3128 1150 3197 roborarium

133 3221 250 3306 atq-ue
272 3216 477 3301 piscinam,
500 3215 589 3280 aliis
613 3238 682 3302 per
703 3216 846 3281 villam.

106 3324 122 3375 '1
166 3301 168 3305 ’
199 3304 306 3371 Lacus
324 3326 401 3370 vero
425 3309 482 3370 aut
504 3308 631 3391 stagna,
655 3306 765 3388 [quae]
789 3303 933 3388 piscibus
956 3303 1040 3370 vivis
1066 3329 1151 3373 coer

133 3399 247 3460 centur
265 3394 386 3479 clausa,
409 3413 468 3458 suo
487 3397 585 3476 atque
603 3393 736 3478 proprio
754 3392 884 3457 nomine
904 3391 1073 3477 ‘piscinas’
1097 3408 1183 3461 κιο-ὕ

133 3483 347 3549 minaverunt.
