2392 3886
100 133 165 199 146
467 70 473 79 Ι
494 131 542 186 111.
559 149 635 187 xvm.
655 150 709 188 11¹·

99 301 133 360 et
155 295 323 361 curulibus
346 295 596 382 magistratibus
618 294 733 380 functi,
756 295 785 360 si
804 295 950 361 nondum
969 317 988 359 a
1007 317 1118 360 censo-

97 385 190 451 ribus
211 384 248 449 in
270 389 419 450 senatum
441 384 518 450 lecti
542 389 648 471 erant,
671 387 838 451 senatores
860 405 927 449 non
954 389 1048 450 erant
1075 391 1118 470 et,

98 474 176 559 quia
201 473 237 538 in
263 473 439 559 postremis
462 472 576 558 scripti
599 476 706 558 erant,
727 494 795 541 non
816 473 1019 559 rogabantur
1047 495 1118 538 sen-

97 563 229 647 tentias,
247 563 313 648 sed,
332 584 413 648 quas
427 562 590 647 principes
605 562 762 647 dixerant,
779 561 816 626 in
828 583 884 626 eas
898 561 1116 627 discedebant.

72 651 172 718 ⁷Hoc
195 651 403 738 significabat
426 651 583 736 edictum,
611 672 675 735 quo
703 672 790 727 nunc
814 672 942 737 quoque
966 651 1116 716 consules
1144 667 1158 708 ⁶

97 738 200 828 (qua),
222 763 297 806 oum
320 743 486 805 senatores
504 739 541 804 in
559 739 683 804 curiam
701 744 829 824 vocant,
848 739 1023 805 servandae
1043 762 1117 805 con-

70 829 280 894 8suetudinis
304 849 402 894 causa
425 827 589 893 tralaticio
612 832 758 893 utuntur.
791 827 901 893 Verba
920 828 1017 893 edicti
1035 828 1116 894 haec

97 923 186 983 sunt:
206 915 417 983 Senatores
437 916 658 1002 quibusque
671 916 712 980 in
726 920 864 982 senatu
879 917 1116 982 sententiam

98 1006 227 1072 dicere
254 1005 360 1071 licet.

71 1119 88 1166 9
164 1110 305 1176 Versum
336 1130 464 1196 quoque
495 1110 667 1196 Laberii,
696 1110 733 1175 in
762 1132 826 1197 quo
856 1110 891 1175 id
920 1111 1116 1176 vocabulum
1131 1127 1157 1166 10

96 1200 245 1286 positum
263 1206 323 1285 est,
345 1199 454 1264 notari
472 1198 637 1285 iussimus,
660 1221 757 1284 quem
774 1199 915 1286 legimus
933 1200 974 1263 in
992 1198 1117 1285 mimo,

98 1289 154 1374 qui
178 1286 399 1354 Stricturae
422 1287 599 1372 inscriptus
623 1293 689 1354 est:

148 1429 172 1515 †
196 1426 320 1514 Caput
343 1429 427 1494 sine
450 1429 588 1518 lingua
610 1429 750 1515 pedani
773 1430 973 1495 sententia
995 1436 1063 1495 est.

55 1575 89 1626 10
98 1570 172 1637 Hoc
194 1570 390 1637 vocabulum
414 1593 434 1636 a
455 1570 619 1657 plerisque
641 1572 779 1639 barbare
803 1570 867 1638 dici
890 1573 1116 1642 animadverti-

97 1682 184 1748 mus3
205 1683 282 1726 nam
304 1681 365 1745 pro
391 1658 556 1745 ‘pedariis'
581 1659 766 1746 ‘pedaneos'
791 1662 964 1747 appellant.
1131 1692 1156 1732 1⁵

564 1923 652 1990 XIX.

7 2121 11 2129 ,
99 2064 162 2130 Qua
180 2064 292 2120 ratione
306 2062 412 2119 Gavius
424 2063 530 2119 Bassus
545 2061 718 2144 scripserit
719 2063 845 2132 parcum'
862 2061 1004 2119 hominem
1018 2065 1114 2135 appel-

7 2132 11 2145 ’
133 2135 224 2189 latum
242 2138 273 2190 et
291 2151 377 2204 quam
390 2149 452 2188 esse
472 2133 532 2191 eius
550 2132 682 2189 vocabuli
696 2149 812 2187 causam
824 2132 949 2202 putarit3
969 2137 1114 2202 utcontra,

134 2204 392 2331 gffeffisffium
401 2204 559 2273 quibusque
572 2203 668 2259 verbis
677 2203 831 2259 Favorinus
845 2203 919 2258 hano
931 2206 1115 2261 traditionem
1129 2293 1156 2332 2⁰

74 2433 88 2482 1
166 2420 264 2505 Apud
281 2441 394 2485 cenam
412 2418 596 2484 Favorini
619 2418 806 2504 philosophi
826 2441 900 2484 oum
918 2419 1059 2485 discubit
1045 2425 1116 2485 tum

98 2509 206 2575 fuerat
229 2513 428 2594 coeptusque
456 2513 527 2574 erat
549 2507 669 2593 apponi
692 2507 799 2593 cibus,
822 2519 935 2573 servus
959 2509 1115 2574 assistens

99 2620 229 2664 mensae
261 2598 331 2663 eius
360 2597 468 2684 legere
497 2596 686 2682 inceptabat
721 2601 778 2661 aut
811 2595 1008 2663 Graecarum
1039 2598 1116 2682 quid

98 2687 283 2753 litterarum
302 2691 360 2751 aut
376 2685 587 2772 nostratium3
610 2686 699 2751 velut
684 2689 756 2751 teo
780 2685 841 2771 die,
864 2706 928 2770 quo
947 2708 1009 2773 ego
1030 2687 1116 2771 affui,

98 2777 269 2863 legebatur
285 2773 397 2841 Gavii
410 2775 539 2859 Bassi,
556 2774 724 2839 eruditi
694 2774 884 2859 v1ri,liber
903 2776 946 2839 de
962 2775 1115 2862 origine
1129 2795 1156 2834 aa

73 2867 306 2931 averborum
334 2869 372 2929 et
398 2864 683 2929 vocabulorum.
729 2862 770 2927 In
792 2885 856 2949 quo
883 2863 932 2928 ita
959 2864 1116 2948 scriptum

99 2953 176 3019 fuit.
206 2952 383 3019 Parcus'
415 2953 633 3037 composito
664 2951 854 3017 vocabulo
885 2957 944 3017 est
973 2953 1116 3037 dictus,

101 3042 211 3129 quasi
234 3042 319 3126 par
337 3042 666 3127 arcae,quando
689 3041 853 3106 s1cut1n
876 3062 965 3106 arca
989 3042 1116 3106 omnia
1162 3068 1166 3075 ·

100 3131 365 3198 reconduntur
405 3130 598 3219 eiusque
607 3130 786 3195 custodia
828 3134 1033 3194 servantur
1079 3135 1117 3194 et

101 3219 368 3306 continentur,
390 3219 448 3285 ita
469 3219 582 3284 homo
600 3223 716 3284 tenax
737 3240 934 3304 parvoque
958 3223 1116 3285 conten·
1129 3236 1157 3276 ιο

101 3315 164 3374 tus
188 3308 319 3374 omnia
341 3271 542 3374 obstodita
560 3312 598 3373 et
616 3307 820 3373 recondita
837 3307 973 3392 habet,
996 3308 1115 3373 sicuti

101 3420 197 3464 arca.
243 3396 361 3474 Quam
389 3398 435 3462 ob
466 3418 621 3462 oausam
644 3394 816 3481 parcus’
846 3395 938 3480 quasi
967 3395 1116 3480 parar-

102 3487 186 3553 ous'
210 3491 270 3552 est
296 3486 528 3552 nominatus.
