2392 3886
136 156 201 220 122
596 155 644 209 HI·
662 175 680 209 1·

135 317 271 383 avaritia
303 318 480 403 corrumpi,
513 340 630 403 corpus
664 322 697 383 ιι
727 317 874 383 animum
903 318 1037 403 dixisse,
1067 339 1133 404 quae
1180 308 1182 317 ’

134 406 215 470 duae
243 428 294 471 res
321 406 487 472 hominem
515 407 788 493 demonstrarent,
817 429 958 493 namque
986 407 1083 472 homo
1106 428 1135 471 ιι

109 495 243 561 oanima
261 499 294 560 ιι
312 518 446 580 corpore
466 495 536 560 est'.
574 495 794 582 ‘Numquam'
812 495 921 582 inquit
934 495 1135 561 Favorinus

134 583 232 669 ‘quod
256 585 404 670 equidem
423 584 501 670 scic,
523 589 591 650 tam
614 585 791 670 inportuna
813 588 947 671 tamque
967 585 1080 651 audaci
1100 606 1136 649 ar·

134 673 226 759 gutia
253 673 317 739 fuit
338 678 450 739 noster
473 673 635 759 Probus,
663 678 700 738 ιιι
724 671 971 760 Sallustium,
997 674 1051 739 vel
1078 673 1163 740 sulas

132 762 322 828 tilissimum
351 762 521 828 brevitatis
550 762 721 847 artificem,
749 762 950 848 periphrasis
979 767 1138 848 poetarum

132 849 238 916 facere
261 852 402 916 dicere
383 851 392 878 '

107 955 122 1004 ι
200 940 325 1006 Ειιιι
311 946 382 1006 tum
413 939 622 1007 nobiscum
613 963 649 1004 ιιι
683 940 796 1005 eodem
828 939 1021 1007 ambulacro
1053 942 1137 1008 hono

105 1029 295 1113 squispiam
323 1050 400 1094 sane
430 1030 553 1094 doctus
599 1028 632 1094 Is
656 1050 785 1113 quoquc
805 1051 824 1092 a
842 1027 1041 1095 Favorino
1060 1051 1138 1118 roga·

131 1121 200 1200 tus,
230 1117 344 1202 ecquid
366 1117 502 1183 haberet
488 1123 628 1203 tsuper
651 1140 689 1183 ιι
712 1139 747 1182 ιι
771 1117 893 1203 dicere,
921 1117 1137 1185 huiuscemodi
1147 1142 1165 1184 u

106 1168 239 1271 averiis
263 1229 340 1272 usus
365 1211 427 1271 est:
452 1206 631 1360 Quorum',
653 1206 777 1292 inquit,
801 1205 952 1271 avaritia
976 1209 1135 1290 [mentem]

131 1294 237 1359 tenuit
267 1300 300 1360 ct
334 1295 479 1380 corrupit
513 1296 632 1381 quique
665 1317 735 1361 sese
768 1296 974 1380 quaerundae
1008 1297 1137 1381 undique

130 1383 286 1468 pecuniae
314 1384 517 1469 dediderunt,
548 1407 603 1450 eos
631 1384 802 1469 plerosque
831 1384 890 1449 tali
919 1385 1137 1471 generositas

131 1477 306 1557 occupatos
330 1473 490 1559 videmus,
517 1478 555 1538 ut
582 1473 679 1539 sicuti
706 1473 772 1539 alia
797 1472 833 1536 in
859 1472 912 1537 his
937 1475 1050 1539 omnia
1070 1495 1137 1560 prae

129 1561 275 1647 pecunia,
298 1562 346 1628 ita
364 1562 458 1627 labor
477 1584 605 1647 quoque
624 1561 727 1627 virilis
746 1561 981 1647 exercendique
1001 1562 1164 1650 corporisu

87 1665 121 1716 ιι
131 1651 275 1717 studium
298 1651 427 1718 relictui
451 1653 502 1716 ιιι.
533 1651 685 1738 Negotiis
709 1652 796 1716 enim
815 1672 849 1715 ιι
867 1650 1062 1736 plerumque
1078 1674 1138 1718 um·

129 1740 264 1807 braticis
288 1746 321 1806 ιι
348 1741 521 1806 sellulariis
551 1740 741 1825 quaestibus
770 1739 915 1806 intentos
946 1740 1083 1827 habent,
1108 1741 1138 1805 in

130 1830 248 1914 quibus
278 1831 383 1896 omnis
417 1852 530 1896 eorum
564 1830 659 1916 vigor
687 1828 787 1895 animi
819 1829 1032 1915 corporisque
1061 1830 1137 1896 elan

130 1920 257 2004 guescit
280 1925 321 2002 ιι,
344 1921 431 2003 quod
455 1918 668 1985 Sallustius
692 1917 748 2003 ait,
767 1917 1005 1984 ‘effeminatur’.

87 2026 119 2075 ιι
197 2007 280 2071 Tum
304 2007 520 2073 Favorinus
543 2007 610 2095 legi
633 2009 738 2073 denuo
757 2007 856 2072 verba
879 2007 992 2073 eadem
1019 2005 1165 2074 Sallu-s

130 2095 198 2159 stii
221 2095 313 2161 iubet
339 2099 450 2180 atque,
473 2097 530 2161 ubi
557 2097 644 2163 lecta
671 2100 761 2181 sunt,
784 2095 875 2179 ‘quid
896 2095 1015 2182 igitur’
1037 2095 1138 2181 inquit

130 2183 288 2267 ‘dicimus
311 2186 398 2266 quod
421 2185 542 2250 multos
565 2185 674 2250 videre
698 2189 748 2250 ιιι
770 2185 926 2269 pecuniae
952 2185 1088 2270 cupidos
1110 2189 1138 2251 ιι

85 2272 259 2343 12eosdcm
281 2276 392 2337 tamen
415 2296 549 2359 corpore
573 2296 643 2339 csse
666 2278 783 2359 vegeto
807 2296 845 2340 ac
867 2273 1026 2339 valenti?
1061 2274 1138 2339 Tum

127 2361 183 2426 ille
197 2361 245 2426 ita
263 2363 442 2445 respondit:
467 2363 668 2448 ‘Respondes
681 2385 749 2428 non
762 2362 870 2428 hercle
883 2361 1011 2429 inscite.
1053 2361 1140 2441 Quis

129 2449 213 2535 quis’
237 2450 344 2534 inquit
330 2452 434 2516 t‘est
461 2452 616 2538 pecuniae
644 2451 777 2536 cupiens
806 2456 840 2516 et
870 2473 1007 2536 corpore
1034 2457 1168 2519 tumens

127 2544 178 2604 ιιι
164 2540 289 2604 tbene
318 2539 433 2606 habito
462 2564 499 2608 ac
527 2546 676 2625 strenu0,
706 2540 844 2606 aliarum
874 2561 1005 2625 quoque
1035 2562 1140 2607 rarum

127 2628 178 2693 vel
202 2628 310 2692 studio
329 2629 380 2694 vel
398 2630 553 2696 exercitio
572 2643 646 2695 eum
665 2591 769 2694 teneri
786 2650 957 2694 necessum
976 2633 1140 2715 astatque

85 2716 163 2788 13in
186 2739 255 2782 sese
279 2718 414 2783 colendo
437 2741 504 2784 non
527 2741 628 2802 aeque
648 2739 717 2783 esse
736 2739 879 2802 parcum.
916 2715 1050 2783 Nam
1024 2739 1054 2783 ιι
1073 2740 1141 2784 ava

127 2806 204 2871 ritia
228 2806 298 2871 sola
321 2830 449 2872 summa
468 2828 580 2871 omnes
599 2806 741 2871 hominis
759 2810 869 2890 partes
889 2805 1140 2891 affectionesque

128 2899 265 2978 occupet
292 2899 325 2959 ιι
353 2896 381 2959 ιι
409 2896 486 2960 ad
476 2895 636 2960 mouriam
662 2915 765 2977 usque
796 2893 944 2996 corporis
965 2900 1141 2991 grassetur,
1150 2916 1171 2959 ιι

126 2987 164 3048 ut
126 3005 245 3066 uper
261 2983 353 3048 illam
371 3006 470 3049 unam
488 3005 593 3066 neque
611 2983 743 3048 virtutis
762 3004 866 3067 neque
885 2982 1005 3048 virium
1019 2981 1141 3085 (neque

127 3071 273 3155 corporis
296 3093 400 3155 neque
420 3069 536 3157 animi)
555 3094 633 3137 cura
651 3071 783 3157 adsit,t
784 3094 840 3136 um
858 3071 997 3155 denique
1015 3070 1051 3137 id
1069 3094 1141 3139 vere

127 3160 191 3226 dici
213 3182 256 3244 po
258 3164 324 3225 test
350 3160 565 3226 effeminando
593 3182 664 3226 csse
687 3165 720 3225 e
744 3182 852 3226 ammo
875 3164 908 3225 e
931 3161 1064 3246 corpori
1088 3160 1141 3247 qui

83 3268 118 3320 ιι
126 3271 231 3333 neque
255 3271 325 3314 sese
348 3271 452 3333 neque
476 3249 564 3314 aliud
587 3254 709 3334 curent,
732 3249 796 3314 nisi
818 3249 1012 3334 pecuniam'.
1059 3250 1142 3317 'lum

126 3337 342 3404 Favorinus
368 3339 437 3404 ‘aut
459 3337 542 3423 hoo,'
565 3338 673 3422 inquit
697 3338 796 3422 ‘quod
819 3337 943 3423 dixisti,
970 3339 1173 3423 probabile*

123 3431 187 3514 est,
211 3432 271 3493 aut
289 3426 503 3495 Sallustius
529 3428 603 3494 odio
631 3427 786 3493 avaritiae
813 3427 887 3511 plus
911 3448 1010 3510 quam
1033 3427 1143 3513 potuit

106 3539 182 3585 eam
207 3519 409 3592 criminatus
435 3518 510 3590 est’.
