2392 3886
96 134 169 210 '142
549 149 596 204 111.
615 166 669 204 m.

102 331 212 374 mense
237 314 294 374 aut
317 311 452 397 decimo,
473 334 577 396 neque
596 316 725 397 praeter
746 311 807 376 hos
827 312 909 397 aliis,
931 313 1117 397 partionem

101 397 247 463 mulieris
261 401 437 465 seeundum
450 407 602 467 naturam
620 401 690 466 fieri
710 401 911 465 existimasse
930 402 1116 488 idcircoque

101 507 158 551 eos
180 488 314 553 nomina
336 489 428 554 Fatis
451 491 557 555 tribus
579 491 696 556 feoisse
719 513 739 554 a
760 490 915 576 pariendo
939 496 972 554 et
990 514 1009 555 a
1026 513 1117 556 nono

58 579 199 661 10atquo
223 577 347 643 deoimo
371 600 490 643 mense.
536 577 623 644 Nam
651 577 818 665 ‘Paroa',
844 579 965 665 inquit,
991 580 1116 645 inmu—

101 669 187 729 tata
205 687 280 730 una
297 666 449 752 littera,
467 674 615 753 apartu
632 667 846 753 nominata,
864 668 957 733 item
972 667 1113 734 ‘Nona'
1141 697 1156 737 s

58 757 139 818 11et
158 752 347 819 ‘Decima'
367 777 386 819 a
403 761 540 839 partus
559 757 785 840 tempestivi
804 763 985 842 tempore.
1024 757 1116 824 an—

101 842 239 907 sellius
273 847 383 908 autem
406 842 557 909 Vindex
585 845 621 909 in
648 846 889 910 lectionibus
918 848 985 911 suis
1014 848 1114 913 anti-

101 931 200 1015 quis:
219 931 310 1017 tria,
328 932 833 1018 inquit,nominaParoarum
848 940 951 998 sunt:
971 935 1114 1021 ‘Nona',

100 1017 314 1105 ‘Deouma’,
344 1019 517 1106 ‘Morta',
546 1026 579 1087 et
607 1042 737 1085 versum
766 1021 853 1085 huno
883 1020 1000 1107 Livii,
1031 1026 1114 1090 anti-

100 1107 249 1191 quissimi
271 1114 397 1196 poetae,
418 1109 513 1195 ponit
535 1131 575 1174 ex
595 1107 812 1195 'Odvooer'qrz
1127 1141 1155 1180 10

144 1247 302 1325 Quando
330 1251 411 1317 dies
440 1249 633 1337 adveniet,
664 1249 958 1404 qudmtperofaita
984 1251 1112 1316 Morta

739 1361 777 1405 es

99 1460 163 1527 Sed
184 1462 283 1528 homo
307 1463 440 1530 minime
463 1464 569 1529 modus
592 1462 809 1530 Caesellius
832 1462 997 1529 ‘Mortem’
1017 1464 1111 1547 quasi
1150 1532 1153 1543 ‚

97 1571 218 1617 nomen
239 1553 378 1639 aceepit,
407 1575 481 1618 eum
509 1554 654 1639 aooipera
682 1554 775 1638 quasi
797 1552 943 1618 Moeram
970 1553 1110 1617 deberet,

54 1653 87 1703 12
164 1640 337 1707 Praeterea
359 1663 420 1728 ego
440 1643 478 1707 de
496 1648 594 1728 partu
611 1642 765 1728 humano,
781 1647 1009 1727 praeterquam
1028 1663 1110 1725 quae
1125 1661 1152 1701 15

98 1729 220 1815 scripta
241 1730 277 1794 in
298 1731 392 1796 libris
414 1731 490 1817 legi,
514 1733 577 1796 hoe
601 1752 729 1816 quoque
751 1753 814 1795 usu
836 1730 962 1796 venisse
985 1729 1116 1793 Romae

98 1819 256 1903 eomperi:
278 1819 434 1885 feminam
456 1820 553 1886 bonis
576 1825 673 1905 atque
695 1818 842 1884 honestis
865 1818 1021 1902 moribus,
1042 1839 1111 1882 non

97 1907 252 1993 ambigua
284 1908 455 1994 pudicitia,
488 1909 523 1973 in
554 1907 725 1974 undeoimo
754 1928 864 1972 mense
893 1910 970 1990 post
999 1907 1110 1970 mariti

96 1999 236 2061 mortem
267 1996 431 2083 peperisse
460 1996 647 2082 fastumque
677 2018 748 2062 esse
776 1996 946 2081 negotium
976 2000 1111 2079 propter

96 2083 256 2150 rationem
279 2086 446 2171 temporis,
468 2087 562 2171 quasi
579 2085 698 2150 marito
716 2089 847 2150 mortuo
865 2088 981 2168 postea
999 2105 1110 2148 conoe·
1123 2105 1152 2144 ro

95 2171 212 2259 pisset,
239 2175 393 2260 quoniam
421 2174 593 2239 deeemviri
620 2174 656 2238 in
682 2175 792 2239 decem
819 2173 986 2237 mensibus
1017 2173 1109 2256 gigni

95 2260 274 2348 hominem,
307 2285 375 2328 non
406 2263 441 2327 in
455 2263 641 2328 undeeimo
665 2262 884 2348 seripsissent3
914 2259 970 2324 sed
998 2261 1110 2323 divum

95 2349 333 2416 Hadrianum
363 2373 461 2417 eausa
490 2352 623 2438 cognita
649 2351 842 2434 demovisse,
870 2350 906 2414 in
936 2347 1108 2412 undecimo

95 2459 224 2525 quoque
247 2461 358 2505 mense
375 2445 507 2525 partum
530 2440 581 2504 edi
599 2460 709 2526 posse3
731 2438 827 2523 idque
844 2438 953 2523 ipsum
972 2436 1041 2500 eius
1060 2436 1109 2499 rei

95 2527 259 2593 decretum
282 2550 344 2593 nos
366 2529 514 2615 legimus.
559 2528 600 2592 In
621 2548 660 2592 eo
684 2528 813 2593 decreto
835 2525 1055 2590 Hadrianus
1073 2524 1108 2588 id
1122 2545 1151 2585 rs

95 2620 238 2681 statuere
262 2639 296 2682 se
320 2616 399 2682 dioit
420 2616 586 2702 requisitis
608 2621 755 2682 veterum
781 2614 1051 2700 philosophorum
1075 2617 1110 2676 et

94 2705 293 2771 medicorum
316 2705 495 2772 sententiis.
961 2788 963 2791 Ι

54 2804 87 2852 13
161 2793 268 2861 Hodie
292 2816 420 2880 quoque
441 2794 478 2859 in
501 2799 633 2859 satura
655 2793 740 2858 forte
762 2791 1006 2858 M.Varronis
1029 2790 1109 2875 legi—

94 2904 177 2968 mus,
199 2905 281 2968 quae
304 2883 495 2948 inscribitur
512 2882 814 2968 Testamentum,
831 2882 932 2946 verba
948 2881 1042 2946 haee:
1067 2877 1107 2942 Si

94 2972 180 3056 quis
204 2971 298 3036 mihi
316 2972 428 3037 filius
446 2992 544 3037 unus
562 2970 742 3057 pluresve
760 2972 801 3036 in
818 2971 947 3036 deeem
965 2967 1107 3033 mensi·
1121 2986 1151 3026 ³0

94 3061 164 3125 bus
189 3060 414 3147 gignantur,
436 3060 465 3125 ii
489 3061 522 3126 si
544 3065 658 3125 erunt
681 3061 768 3126 ὄνοι
786 3061 926 3146 λύρας,
950 3056 1108 3122 exhere-

94 3149 159 3213 des
183 3153 311 3236 sunt03
341 3149 441 3234 quod
464 3149 496 3214 si
520 3149 606 3234 quis
629 3149 830 3214 undecimo
854 3168 997 3230 meuse,
1022 3142 1103 3209 κατ’

90 3231 378 3323 Ἀριστοτέλην,
400 3242 515 3302 natus
539 3243 612 3324 est,
634 3237 747 3302 Attio
765 3237 879 3321 idem,
902 3234 1002 3320 quod
1019 3232 1108 3298 Tet-

52 3326 165 3412 14110,
186 3326 247 3391 ius
271 3332 354 3392 esto
378 3327 477 3412 apud
499 3348 566 3391 me.
611 3325 674 3391 Per
696 3326 759 3391 hoe
781 3330 874 3390 vetus
897 3323 1107 3409 proverbium

93 3414 215 3481 Varro
248 3415 425 3502 signifieat,
457 3415 554 3480 siouti
580 3415 680 3501 vulgo
708 3414 772 3479 diei
803 3413 936 3480 solitum
966 3416 1037 3476 erat
1066 3411 1105 3475 de
1121 3429 1149 3470 rs

92 3505 190 3570 rebus
216 3505 299 3570 nihil
325 3505 423 3570 inter*
439 3526 508 3570 sese
536 3502 747 3568 distantibus:
777 3501 875 3567 ‘idem
901 3501 989 3586 Atti,
1019 3499 1113 3584 quod.

197 3824 237 3854 Ιι
