2392 3886
514 146 533 201 Ι.
548 164 584 202 rv.
603 163 629 200 v.
1041 141 1086 206 47

63 309 228 375 bitionem
259 307 451 373 dissimilem
478 329 549 373 esse
582 307 717 372 dixisset
746 307 879 391 eiusque
907 306 1088 372 sententiae

64 398 229 463 rationem
252 396 409 480 redderet,
431 397 567 461 verbum
586 395 700 461 debet
721 396 757 460 in
774 396 911 480 pecunia
928 396 1030 481 ponit,
1052 396 1088 460 in

67 487 177 573 gratia
212 485 332 550 habet
370 485 490 550 subicit
525 506 586 570 pro
619 484 746 572 debet3
787 485 836 549 ita
872 484 958 549 enim
995 485 1087 551 dicit:

68 575 237 662 gratiam
256 578 383 639 antem
401 578 439 638 et
458 573 522 658 qui
541 575 663 639 refert
686 574 817 658 habet,
835 578 873 638 et
892 573 956 657 qui
970 573 1087 640 habet

33 682 53 722 ‘e
67 666 107 729 in
121 685 164 728 eo
179 663 265 748 ipso
286 663 385 747 quod
403 662 521 728 habet
538 663 668 728 refert.
697 660 760 727 Sed
773 663 807 727 id
821 662 957 727 verbum
970 661 1113 728 habett

68 776 143 818 oum
156 751 327 838 proposita
342 752 583 836 comparatione
596 773 664 817 non
676 751 756 816 satis
766 751 926 817 convenit.
954 750 1088 816 Debitio

67 842 155 907 enim
170 840 307 928 gratiae,
324 862 391 905 non
403 840 540 925 habitio,
558 863 632 906 eum
646 840 783 925 pecunia
798 840 972 924 confertur,
991 845 1088 925 atque

66 931 141 995 ideo
161 950 362 1014 consequens
382 929 512 1013 quidem
530 930 638 995 fuerat
656 930 703 995 sic
717 930 834 994 dicere:
854 928 973 1014 ‘etqui
993 930 1090 995 debet

66 1021 102 1084 in
125 1041 165 1084 eo
189 1019 263 1104 ipso
287 1018 374 1102 quod
392 1017 497 1103 debet,
519 1018 645 1104 refert'3
669 1019 725 1083 sed
744 1019 920 1084 absurdum
939 1023 972 1083 et
989 1019 1087 1084 nimis

31 1113 221 1174 1⁰coactum
243 1107 343 1191 foret,
371 1107 399 1172 si
425 1107 570 1172 nondum
597 1107 757 1173 redditam
784 1107 925 1194 gratiam
953 1129 991 1172 eo
1014 1108 1088 1192 ipso

65 1197 229 1262 redditam
247 1196 377 1283 diceret,
396 1196 472 1280 quia
489 1196 633 1262 debetur.
665 1196 845 1262 Inmutavit
862 1195 962 1283 ergo‚'
981 1197 1115 1281 inquit8

67 1285 227 1362 ‘subdidit
248 1285 384 1350 verbum
407 1285 437 1350 ei
459 1286 574 1372 verbo,
602 1285 689 1370 quod
712 1287 879 1370 omiserat,
902 1285 1088 1371 finitimum,

66 1380 103 1440 ut
130 1375 297 1450 uideretur
324 1379 357 1439 et
384 1395 515 1439 sensum
545 1374 720 1439 debitionis
748 1375 896 1440 conlatae
922 1396 990 1440 non
1016 1376 1089 1440 reli-

67 1464 178 1548 quisse
193 1468 227 1528 et
241 1462 494 1528 concinnitatem
508 1464 688 1529 sententiae
701 1463 894 1530 retinuisse'.
931 1464 983 1529 Ad
1001 1464 1088 1530 hunc

33 1552 202 1618 umodum
237 1550 414 1616 Iulianus
451 1553 613 1617 enodabat
649 1552 910 1637 diiudicabatque
942 1558 1088 1619 veterum

68 1641 267 1727 scriptorum
290 1641 478 1727 sententias,
501 1663 583 1725 quae
602 1648 773 1726 aputeum
792 1643 1013 1708 adulescentes
1038 1643 1089 1706 de-

66 1730 144 1796 lecti
167 1728 370 1795 lectitabant.

560 1835 591 1900 V

68 1939 151 2006 Quod
168 1939 373 1995 Demosthenes
391 1939 488 1994 rhetor
506 1938 584 1993 cultu
603 1938 728 2010 corporis
748 1943 833 2010 atque
851 1939 958 1994 vestitu
976 1941 1088 2011 probris

37 2028 56 2071 a
103 2009 230 2066 obnoxio
248 2009 403 2079 infamique
421 2009 564 2065 munditia
586 2010 654 2078 fuit;
678 2012 809 2081 quodque
828 2011 899 2066 item
920 2010 1088 2068 Hortensius

37 2133 40 2139 .
103 2085 202 2137 orator
221 2082 257 2136 ob
277 2081 415 2137 eiusmodi
432 2080 587 2136 munditias
606 2084 772 2152 gestumque
791 2083 821 2137 in
844 2083 956 2153 agendo
974 2082 1088 2140 histrio·

101 2153 202 2208 nicum
220 2153 372 2222 Dionysiae
396 2151 591 2207 saltatriculae
616 2157 802 2223 cognomento
825 2155 1011 2225 compellatus
1036 2159 1087 2211 est.

134 2262 426 2329 Demosthenen
440 2260 598 2327 traditum
612 2267 662 2327 est
675 2263 796 2328 vestitu
811 2270 983 2348 ceteroque
998 2265 1113 2329 cultus

67 2351 217 2437 corporis
244 2351 349 2416 nitido
375 2356 577 2435 venustoque
604 2352 766 2435 nimisque
798 2358 951 2418 accurato
979 2354 1088 2418 fuisse.

29 2441 113 2507 snt
134 2441 215 2505 hinc
243 2441 274 2505 ei
296 2443 336 2505 τὰ
357 2442 469 2524 κομψὰ
495 2440 553 2504 illa
575 2443 748 2524 χλανίσκια
770 2447 804 2506 et
826 2440 967 2527 μαλακοὶ
994 2465 1089 2527 χιτω-

66 2532 180 2596 νίσκοι
194 2529 236 2594 ab
251 2529 387 2594 aemulis
399 2529 654 2613 adversariisque
668 2530 789 2613 probro
800 2531 885 2615 data,
898 2530 975 2595 hinc
989 2531 1089 2595 etiam

66 2619 222 2706 turpibus
244 2618 450 2705 indignisque
480 2618 516 2682 in
538 2640 612 2682 eum
635 2617 742 2683 verbis
769 2640 837 2683 non
864 2623 1090 2704 temperatum,

67 2709 149 2793 quin
171 2728 288 2792 parum
310 2708 360 2772 vir
383 2712 416 2771 et
440 2728 494 2772 ore
519 2729 647 2791 quoque
669 2707 796 2791 polluto
820 2708 989 2773 diceretur,

133 2796 191 2862 Ad
208 2796 346 2861 eundem
364 2796 498 2861 modum
513 2794 548 2871 Q.
563 2795 799 2861 Hortensius
820 2797 971 2862 omnibus
986 2797 1115 2861 ferme2

22 2895 54 2943 ³⁰
68 2884 257 2950 oratoribus
281 2884 398 2950 aetatis
423 2907 510 2971 suae,
531 2885 596 2949 nisi
614 2885 657 2949 M.
682 2884 826 2971 Tullio,
849 2886 980 2970 clarior,
1003 2885 1090 2969 quod

67 2975 175 3040 multa
196 2973 360 3056 munditia
382 2979 415 3039 et
438 2974 671 3058 circumspecte
690 2975 933 3059 compositeque
956 2975 1089 3039 indutus

67 3068 100 3128 et
122 3061 266 3128 amictus
289 3067 377 3128 esset
394 3085 573 3147 manusque
596 3063 666 3128 eius
689 3063 775 3128 inter
798 3064 959 3151 agendum
982 3063 1091 3127 forent

67 3157 206 3240 argutae
226 3151 400 3217 admodum
418 3158 452 3217 et
470 3157 653 3238 gestuosae‚
670 3152 851 3218 maledictis
871 3151 1091 3236 compellatio·

64 3242 231 3325 uibusque
253 3241 383 3326 probris
406 3241 547 3307 iactatus
571 3246 621 3306 est
643 3241 810 3326 multaque
833 3241 868 3304 in
890 3263 974 3326 eum,
997 3241 1090 3325 quasi

20 3343 52 3389 ³⁵
65 3333 103 3396 in
122 3330 332 3416 histrionem,
353 3331 389 3395 in
406 3330 487 3416 ipsis
506 3331 611 3396 causis
636 3336 733 3415 atque
751 3330 880 3395 iudiciis
899 3331 987 3395 dicta
1005 3334 1089 3394 sunt.

67 3419 132 3486 Sed
155 3442 233 3486 cum
255 3417 292 3484 L.
312 3420 546 3506 Torquatus,
569 3420 754 3507 subagresti
777 3419 876 3484 homo
898 3418 1032 3505 ingenio
1057 3423 1118 3482 ets

26 3588 31 3595 Ι
63 3510 234 3596 infestis-o,
258 3509 389 3595 gravius
414 3509 624 3593 acerbiusque
644 3510 729 3595 apud
742 3508 920 3574 consilium
938 3507 1091 3592 iudicum,
