2356 3900
81 159 102 222 8
409 154 587 213 CAPITVLA
604 155 670 213 LIB.
689 158 712 213 I.
729 156 765 211 II.

147 324 239 385 XXV.
263 323 378 395 Quibus
396 324 496 385 verbis
509 325 548 384 M.
555 325 651 386 Varro
670 324 803 385 indutias
822 323 986 402 definierit3
1005 344 1096 403 quae·

80 412 233 515 situmque
256 412 332 473 inibi
353 413 517 492 curiosius,
545 432 693 491 quaenam
719 414 797 474 ratio
825 414 866 474 sit
886 413 1029 475 vocabuli
1050 414 1097 474 in-

79 501 254 651 dutheriiI.
297 589 392 661 Quem
423 591 456 651 in
486 590 610 651 modum
643 591 717 651 mihi
749 591 867 652 Taurus
899 591 1098 669 philosophus

68 679 270 756 'responderit
291 679 490 758 percontanti,
513 698 553 739 an
575 680 696 758 sapiens
718 680 906 741 irasceretur.

319 889 521 952 OAPITVLA
543 891 654 952 LIBRI
676 890 858 952 suevum.

146 1033 170 1094 L
202 1033 269 1105 Quo
291 1052 399 1112 genere
427 1033 536 1093 solitus
562 1032 603 1093 sit
628 1033 826 1111 philosophus
850 1033 989 1094 Socrates
1012 1053 1099 1094 exer·

79 1141 146 1183 cere
168 1122 348 1200 patientiam
370 1121 518 1198 corporis3
540 1121 636 1198 deque
659 1121 868 1183 eiusdem’viri
888 1124 1100 1199 temperantia.

80 1250 83 1256 ·
132 1210 184 1270 ⁷11.
222 1210 305 1282 Quae
332 1210 411 1270 ratio
439 1210 669 1287 observatioque
697 1210 865 1271 officiorum
892 1229 958 1272 esse
987 1211 1101 1273 debeat

80 1299 160 1360 inter
187 1303 288 1375 patres
315 1298 453 1376 filiosque
484 1299 517 1358 in
544 1298 759 1359 discumbendo
786 1298 976 1378 sedendoque
1003 1304 1100 1378 atque

79 1387 112 1447 id
135 1407 229 1466 genus
252 1387 342 1449 rebus
365 1386 447 1448 domi
469 1387 612 1466 forisque,
635 1387 661 1448 si
683 1387 740 1447 filii
757 1388 955 1466 magistratus
974 1392 1046 1448 sunt
1065 1393 1101 1450 et

79 1480 181 1552 patres
199 1476 325 1554 privati3
348 1494 498 1554 superque
517 1495 553 1536 ea
570 1495 603 1536 re
622 1475 715 1536 'Iauri
732 1476 905 1554 philosophi
922 1476 1099 1539 dissertatio

79 1568 111 1625 et
134 1566 304 1644 exemplum
325 1584 363 1625 ex
384 1565 513 1625 historia
534 1565 671 1626 Romana
691 1565 831 1641 petitum.

145 1653 200 1714 III.
224 1653 291 1725 Qua
304 1654 421 1714 ratione
434 1653 535 1716 verbis
548 1653 729 1732 quibusdam
747 1653 963 1731 vocabulisque
976 1657 1099 1716 veteres

77 1742 260 1804 immiserint
281 1743 302 1802 h
324 1742 446 1803 litterae
470 1743 618 1819 spiritum
907 1746 908 1749 ’

145 1831 197 1892 IV.
230 1831 328 1903 Quam
350 1832 388 1892 oh
410 1850 534 1892 causam
558 1830 671 1892 Gavius
689 1831 803 1891 Bassus
824 1849 920 1909 genus
943 1831 1099 1908 quoddam

77 1920 183 1981 iudicii
214 1913 452 1980 ‘divinationem'
480 1919 629 1995 appellari
660 1919 826 1998 scripserit3
857 1923 889 1981 et
920 1939 1013 1997 quam
1042 1920 1098 1980 alii

79 2026 203 2068 causam
225 2026 289 2068 esse
312 2007 447 2068 eiusdem
468 2007 609 2069 vocabuli
634 2006 772 2068 dixerint.

145 2096 182 2156 V.
215 2095 313 2167 Quam
340 2095 438 2172 lepide
466 2095 643 2174 signateque
672 2095 781 2156 dixerit
806 2096 973 2158 Favorinus
999 2096 1099 2173 pbilo-

79 2185 201 2263 sophus,
225 2183 298 2262 quid
319 2183 442 2244 intersit
462 2183 543 2244 inter
565 2185 701 2245 Platonis
729 2188 760 2245 et
781 2185 891 2263 Lysiae
920 2185 1096 2247 orationem.

146 2273 197 2332 VI.
231 2272 348 2344 Quibus
369 2272 470 2334 verbis
492 2273 644 2351 ignaviter
666 2276 697 2333 et
715 2273 831 2334 abiecte
849 2274 1003 2352 Vergilius
1020 2292 1099 2336 usns

78 2380 143 2422 esse
167 2361 300 2439 dicatum
328 2365 360 2421 et
387 2361 461 2439 quid
487 2361 548 2442 his,
576 2362 629 2439 qui
655 2363 791 2438 improbe
814 2359 874 2440 [id]
903 2363 1021 2441 dicunt,
1048 2383 1097 2422 re-

79 2450 271 2527 spondeatur.

145 2539 212 2599 VII.
245 2539 290 2598 De
318 2538 417 2599 officio
444 2558 517 2618 erga
544 2541 645 2615 patres
673 2540 850 2618 liberorum3
878 2539 974 2618 deque
1002 2558 1037 2599 ea
1062 2560 1097 2601 re

79 2646 116 2687 ex
138 2627 347 2705 philosophiae
370 2627 468 2706 libris,
495 2628 528 2688 in
554 2628 665 2705 quibus
692 2628 839 2705 scriptum
864 2628 1100 2706 quaesitumque

79 2719 134 2795 est,
158 2735 197 2776 an
220 2716 360 2776 omuibus
382 2716 478 2793 patris
499 2716 591 2777 iussis
614 2717 838 2795 obsequendum
861 2718 908 2777 sit.

144 2805 227 2866 VIII.
260 2804 347 2876 Quod
370 2823 479 2883 parum
497 2824 594 2882 aequa
620 2806 812 2882 reprehensio
834 2805 960 2882 Epicuri
982 2824 1001 2865 a
1022 2805 1097 2866 Plu·

77 2894 184 2960 tarcho
207 2894 288 2954 facta
312 2893 407 2954 sitin
430 2894 607 2973 synlogismi
630 2895 797 2971 disciplina.

145 2982 196 3042 IX
229 2981 315 3053 Quod
338 2981 419 3042 idem
435 2982 618 3044 Plutarchus
638 2983 770 3044 evidenti
793 2983 945 3044 calumnia
967 2983 1097 3043 verbum

76 3071 116 3131 ab
140 3071 270 3148 Epicuro
295 3070 410 3130 dictum
432 3071 598 3133 insectatus
621 3072 670 3132 sit.

144 3159 180 3220 X.
214 3158 294 3230 Quid
321 3159 382 3220 sint
410 3160 525 3221 favisae
551 3159 753 3237 Capitolinam
780 3164 812 3220 et
838 3160 911 3238 quid
939 3179 1029 3238 super
1059 3181 1097 3222 eo

77 3247 170 3308 verbo
192 3247 232 3308 M.
247 3248 345 3308 Varro
368 3247 472 3309 Servio
497 3248 631 3325 Sulpicio
656 3249 813 3327 quaerenti
834 3249 1030 3326 rescripserit.

144 3336 195 3396 XI.
227 3335 273 3397 De
297 3336 408 3398 Sicinio
431 3335 563 3398 Dentato
591 3338 712 3417 egregio
740 3338 886 3398 bellatore
911 3338 1010 3398 multa
1031 3359 1096 3399 me—

76 3428 199 3485 moratu
221 3426 320 3504 digna

145 3514 211 3574 XII.
248 3513 443 3576 Considerata
474 3533 680 3592 perpensaque
709 3515 759 3575 lex
788 3514 936 3607 quaedam
966 3514 1098 3597 Solonis,
