2392 3886
467 135 574 199 Lxxn.
984 133 1027 201 73
1153 220 1157 227 Ι

10 298 63 365 sed
88 299 201 364 neseio
234 299 313 382 quid
339 298 428 364 aliud
454 299 613 365 indictum
638 298 855 383 inscitumque
883 300 963 367 dicit
990 319 1072 369 acra

10 411 46 454 ne
69 387 245 474 Vergilii
275 387 407 472 quidem
435 389 558 473 poterit
586 387 782 454 auctoritate
812 389 878 476 uti,
907 390 963 474 qui
992 390 1028 454 in

10 476 210 565 georgicis
233 477 281 542 ita
305 477 449 562 scripsit:

52 601 207 666 Primus
226 621 297 686 ego
315 600 356 665 in
373 600 541 685 patriam
560 623 717 687 meeum,
740 601 851 666 modo
869 602 951 668 vita
969 625 1029 668 su·

679 690 814 774 parsit.

10 815 83 880 Hoc
110 813 197 879 enirn
227 813 262 878 in
290 813 364 878 loeo
396 812 598 899 Vergilius
627 811 833 901 ἄκυρότερον
862 836 901 880 eo
929 814 1029 880 verbo

10 925 90 968 usus
122 902 266 988 videtur,
296 902 382 986 quod
413 902 587 986 supersit
616 902 698 968 dixit
720 925 780 988 pro
805 904 849 968 ‘lo
899 905 905 918 '
932 904 1028 989 quius

10 992 200 1075 diutiusque
234 991 344 1077 adsit'‚
375 990 520 1074 illudque
553 996 667 1056 eontra
699 992 843 1058 eiusdem
912 992 1028 1079 ergili
1039 1009 1072 1060 18

10 1081 182 1165 aliquanto
206 1085 257 1146 est
278 1079 498 1165 probabilius:

55 1203 336 1288 Florentisque
360 1208 496 1270 secant
518 1203 658 1268 herbas
677 1202 900 1289 fluviosque
919 1205 1030 1269 mini-

55 1380 271 1469 Parraque,
296 1403 341 1447 ne
369 1381 514 1446 blando
543 1297 946 1535 nequeziiailperesse
975 1384 1030 1448 la·

685 1492 760 1557 0113

11 1594 181 1682 signifieat
209 1593 295 1660 enim
324 1617 423 1679 supra
451 1595 599 1660 laborem
625 1616 696 1660 esse
718 1617 823 1679 neque
846 1595 1031 1681 opprimis

11 1685 136 1749 labore.

79 1771 136 1837 An
159 1776 268 1837 autern
291 1771 482 1858 ‘superesse’
502 1771 643 1837 dixerint
665 1777 791 1837 veteres
813 1793 873 1856 pro
896 1771 1029 1837 ‘restare
1041 1790 1074 1838 14

12 1866 46 1926 et
63 1861 278 1946 perficiendae
298 1861 345 1926 rei
367 1859 500 1946 deesse'‚
518 1861 762 1945 quaerebamus.
795 1857 881 1925 Nam
904 1858 1073 1926 Sallu-15

13 1950 115 2016 stius
128 1949 166 2013 in
175 1949 412 2035 significatione
421 1950 487 2014 ista
499 1970 567 2014 non
576 1948 778 2034 ‘superesse’‚
787 1949 843 2014 sed
853 1947 1029 2035 ‘superare'

13 2038 103 2105 dicit.
121 2036 233 2103 Verba
250 2037 318 2103 eius
337 2038 378 2103 in
395 2037 591 2124 Iugurtha
608 2038 689 2103 haec
708 2044 797 2104 sunt:
811 2038 850 2103 Is
864 2038 1030 2124 plerum-

13 2149 84 2211 que
109 2148 284 2192 seorsum
302 2151 322 2193 a
339 2149 430 2213 rege
445 2127 660 2193 exercitum
674 2127 834 2192 ductare
854 2133 892 2193 et
911 2127 1029 2193 omnis

13 2239 74 2281 res
100 2215 238 2300 exequi
262 2216 407 2282 solitus
431 2220 530 2301 erat,
560 2237 655 2300 quae
679 2215 894 2302 Iugurthae
923 2217 1030 2282 fesso

15 2310 80 2370 aut
103 2304 320 2370 maioribus
344 2305 511 2371 astricto
536 2310 825 2389 superaverant.
858 2303 921 2370 sed
943 2306 1074 2370 inve-16

14 2394 123 2459 nimus
145 2393 186 2457 in
208 2394 327 2460 tertio
350 2393 457 2460 Enni
480 2393 676 2458 annalium
698 2393 734 2457 in
755 2394 818 2460 hoo
841 2416 950 2460 versu:

56 2499 155 2565 Inde
170 2499 247 2565 sibi
264 2504 454 2566 memorat
476 2521 593 2565 unum
612 2521 727 2584 super
745 2523 828 2565 csse
846 2500 1032 2584 laborem,

16 2606 48 2671 id
69 2611 123 2672 est
141 2606 276 2672 relicum
295 2629 365 2672 esse
384 2611 418 2672 et
436 2610 569 2691 restare,
592 2606 687 2692 quod,
706 2606 782 2690 quia
798 2606 834 2671 id
852 2612 912 2691 est,
930 2607 1032 2673 divise

17 2694 293 2780 pronuntiandum
325 2700 391 2783 est,
420 2700 459 2759 ut
487 2716 556 2759 non
583 2716 650 2759 una
679 2717 755 2779 pars
780 2696 937 2761 orationis
961 2718 1031 2761 esse

18 2785 175 2870 videatur,
198 2785 254 2848 sed
271 2785 361 2850 duae.
408 2782 546 2849 Cicero
570 2788 679 2847 autem
701 2784 741 2847 in
764 2785 932 2849 secunda
956 2784 1030 2849 An·
1041 2797 1073 2847 17

18 2873 279 2958 tonianarum‚
302 2874 390 2958 quod
418 2877 468 2938 est
495 2872 640 2957 relicum,
662 2893 729 2936 non
752 2871 954 2959 ‘superesse'‚
976 2874 1033 2938 sed

19 2959 165 3028 ‘restare'
188 2960 276 3027 dicit.

52 3049 218 3115 ,Praeter
254 3049 335 3115 haec
371 3049 561 3134 ‘superesse'
594 3049 776 3115 invenimus
813 3050 937 3115 dictum
972 3072 1032 3135 pro
1044 3063 1076 3112 18

19 3137 243 3225 ‘superstitem
272 3138 363 3203 esse'.
409 3138 462 3203 Ita
493 3138 581 3204 enim
611 3139 770 3222 seriptum
800 3143 850 3203 est
871 3139 908 3202 in
929 3139 1076 3203 librom

18 3227 280 3315 epistularum
301 3227 344 3293 M.
369 3223 572 3293 Ciceronis
596 3228 643 3291 ad
665 3226 701 3292 L.
724 3227 911 3293 Plancum
934 3232 972 3292 et
994 3228 1033 3291 in

18 3317 194 3402 epistula
217 3313 289 3402 (Μ.)
312 3315 426 3380 Asini
444 3315 639 3381 Pollionis
664 3317 708 3381 ad
728 3313 952 3381 Ciceronem
965 3338 1033 3380 ver·

17 3402 1033 3489 hishiszNamnequedeessereipublicaevoloneque

17 3514 238 3581 superesse,
252 3515 310 3577 per
324 3494 411 3577 quod
425 3494 598 3581 significat,
612 3493 640 3557 si
654 3494 839 3578 respublica
857 3495 1035 3559 emoriatur
