2392 3886
438 147 772 205 cinnamum-m.
1069 154 1109 219 11

161 316 244 378 VIII.
283 316 419 377 Litterae
450 317 577 378 eximiae
600 318 760 379 consulum
786 317 817 380 O.
851 319 982 381 Fabricii
1013 325 1044 382 et
1077 321 1110 393 Q.

90 405 217 466 Aemilii
238 404 278 465 sd
300 424 404 484 regem
425 405 556 484 Pyrrum
576 424 596 468 a
614 405 648 478 Q.
667 405 796 468 Claudio
818 408 965 485 scriptore
988 409 1111 472 histori-

90 514 182 556 arum
203 496 235 554 in
258 494 434 555 memoriam
455 494 553 555 datae.

159 583 210 643 IX.
244 582 319 655 Quis
347 586 378 643 et
405 583 574 644 cuiusmodi
600 584 695 644 fuerit
712 585 766 662 qui
783 585 816 644 in
833 585 993 661 proverbio
1012 588 1111 649 fertum

90 691 189 750 equus
209 671 350 749 Seianus3
372 675 405 732 et
427 672 526 749 qualis
544 673 627 732 color
645 691 793 750 equorum
810 674 860 751 sit,
879 674 932 752 qni
950 669 1109 751 ‘spadices'

90 764 255 838 uocantum
278 759 376 838 deque
399 760 477 822 atius
499 761 641 823 vocabuli
663 762 788 822 ratione.

159 850 194 909 H
224 849 312 921 Quod
329 853 376 910 est
394 849 543 927 quaedam
561 850 724 926 septenarii
741 851 860 911 numeri
873 851 920 912 vis
934 855 966 912 et
979 853 1110 915 facultas

88 939 122 997 in
150 938 257 998 multis
287 941 414 998 naturae
440 938 531 999 rebus
554 939 776 1017 animadversa,
806 939 843 999 de
866 959 927 1017 qna
949 941 989 1003 Μ.
1012 943 1110 1004 Varro

90 1028 124 1086 in
147 1026 387 1087 hebdomadibus
410 1027 532 1087 disserit
554 1026 680 1103 copiose.

158 1114 210 1174 XI.
244 1115 360 1185 Quibus
389 1119 421 1176 et
450 1135 542 1193 quam
570 1115 688 1176 frivolis
718 1117 907 1194 argumentis
936 1117 1048 1179 Accius
1077 1119 1109 1180 in

87 1203 283 1264 didascalicis
305 1207 425 1283 utatur,
453 1203 563 1281 quibus
586 1204 692 1265 docere
715 1205 833 1284 nititur,
856 1205 1023 1268 Hesiodum
1045 1227 1109 1269 esse

89 1312 188 1370 quam
208 1292 375 1354 Homerum
397 1297 474 1354 natu
496 1293 705 1371 antiquiorem

158 1381 225 1442 ΧΠ
261 1381 395 1460 Largum
426 1385 519 1459 atque
550 1382 675 1443 avidum
706 1382 829 1443 bibendi
860 1401 880 1443 a
910 1383 943 1444 P.
975 1384 1109 1464 Nigidio,

88 1470 265 1530 doctissimo
292 1470 372 1547 rire,
399 1489 479 1532 nova
505 1473 537 1530 et
563 1489 656 1547 prope
685 1471 817 1532 absurda
843 1472 984 1533 vocabuli
1011 1473 1110 1552 figura

91 1552 258 1618 ‘bibonum'
282 1558 405 1618 dictum

158 1647 243 1709 XIII.
275 1646 363 1718 Quod
391 1647 609 1709 Demosthenes
636 1648 797 1708 etiamtum
823 1648 1012 1725 adulescens,
1040 1668 1110 1709 cum

87 1736 228 1797 Platonis
257 1736 430 1813 philosophi
458 1737 625 1814 discipulus
651 1737 743 1814 foret,
775 1735 881 1795 audito
909 1736 988 1797 forte
1017 1736 1109 1798 Calli·

87 1827 187 1886 strato
221 1825 342 1885 rhetore
373 1825 406 1884 in
433 1826 572 1886 contione
599 1825 705 1902 populi
733 1825 852 1885 destitit
879 1842 898 1883 a
924 1824 1051 1885 Platone
1079 1832 1110 1887 et

87 1915 227 1973 sectatus
251 1912 461 1974 Callistratum
484 1918 538 1974 est.

158 2001 237 2060 XIV.
271 1995 450 2063 ‘Dimidium
471 2003 584 2064 librum
605 1996 678 2081 legi'
697 2005 752 2062 aut
778 1995 948 2062 ‘dimidiam
974 2001 1110 2063 fabulam

86 2083 208 2151 audiri'
227 2091 347 2168 aliaque
364 2091 574 2152 huiuscemodi
591 2092 645 2169 qui
663 2091 752 2169 dicat,
771 2091 880 2152 vitiose
899 2090 1011 2168 dicere;
1030 2092 1109 2151 eius-

86 2199 150 2257 que
181 2179 250 2238 vitii
279 2197 385 2240 causas
415 2180 539 2241 reddere
566 2181 605 2239 M.
633 2180 814 2258 Varronem
844 2198 897 2240 nec
927 2198 1110 2257 quemquam

87 2270 229 2330 veterem
250 2267 332 2329 hisce
355 2269 456 2329 verbis
477 2269 523 2329 ita
543 2287 635 2328 usum
656 2287 730 2329 esse.

158 2356 223 2415 XV.
251 2356 364 2418 Extare
382 2358 415 2416 in
433 2357 545 2418 litteris
563 2377 676 2436 perque
693 2358 851 2418 hominum
868 2356 1028 2418 memorias
1046 2359 1109 2416 tra-

59 2456 63 2465 ’
86 2445 202 2522 ditum
220 2444 301 2522 quod
318 2448 442 2522 repente
460 2447 567 2507 multis
580 2450 709 2507 mortem
721 2447 829 2507 attulit
843 2445 990 2525 gandium
1003 2446 1109 2523 ingens

86 2535 283 2609 insperatum
304 2533 470 2594 interclusa
488 2534 590 2595 anima
608 2538 640 2595 et
656 2535 720 2595 vim
737 2535 841 2614 magni
859 2534 990 2611 novique
1008 2536 1109 2593 motus

86 2641 154 2683 non
178 2622 354 2683 sustinente.

163 2711 244 2770 ΧΠ.
269 2711 425 2787 Temporis
439 2711 570 2772 varietm
583 2711 616 2771 in
625 2713 780 2788 puerperis
789 2713 952 2773 mulierum
961 2728 1111 2788 quaenam

89 2799 135 2861 sit
150 2817 169 2858 a
182 2799 307 2860 medicis
326 2804 357 2860 et
371 2819 390 2860 a
403 2800 589 2876 philosophis
607 2799 735 2878 tradita3
753 2805 845 2878 atque
863 2801 938 2861 inibi
951 2801 1110 2876 poetarum

88 2906 214 2966 qnoque
237 2890 375 2949 veterum
397 2907 489 2964 super
511 2889 616 2949 eadem
638 2907 670 2949 re
694 2888 851 2964 opiniones
872 2888 1029 2965 multaque
1049 2886 1110 2947 alia

89 2976 203 3037 auditu
224 2980 315 3054 atque
337 2982 508 3037 memoratu
530 2977 634 3056 digna3
657 2977 809 3054 verbaque
831 2977 899 3054 ipsa
916 2976 1110 3052 Hippocratis

90 3064 202 3125 medici
233 3085 271 3125 ex
301 3066 379 3126 libro
410 3066 494 3129 illius
527 3070 662 3144 sumpta,
694 3066 747 3143 qui
778 3065 942 3141 inscriptus
968 3068 1015 3125 est
1043 3061 1111 3142 περὶ

90 3175 214 3233 τροφῆς·

160 3243 257 3303 XVII.
289 3243 326 3303 Id
354 3261 474 3320 quoque
502 3260 566 3302 esse
594 3260 613 3300 a
639 3239 826 3320 mmmimis
854 3241 927 3301 viris
949 3241 1110 3301 memoriae

91 3331 280 3408 mandatum,
303 3332 384 3408 quod
405 3331 462 3392 tris
485 3331 579 3390 libros
600 3330 688 3391 Plato
710 3329 840 3390 Philolai
862 3329 1056 3408 Pythagorici
1079 3332 1110 3388 et

92 3420 275 3481 Aristoteles
307 3420 453 3495 pauculos
487 3418 647 3495 Speusippi
678 3416 849 3495 philosophi
881 3419 1006 3478 mercati
1039 3420 1109 3477 sunt

93 3509 198 3584 pretiis
220 3508 313 3567 fidem
335 3527 394 3568 non
417 3508 614 3583 capientibus.
