2392 3886
314 142 495 201 ossum
512 142 579 213 mn.
598 142 651 200 Vll
664 140 805 216 [wlco
823 144 882 216 ΥΠ.
1063 144 1105 210 Π

166 339 370 412 omnum
391 340 503 408 snam
525 339 688 408 sursum
711 345 861 426 [wude
885 342 1025 428 ssxmp

155 493 181 553 Ι.
213 491 311 564 Quem
336 491 369 550 in
391 490 515 551 modum
536 491 725 567 responderit
742 486 930 570 Chrysippus
948 491 1105 555 adversum

86 601 149 662 eos,
174 582 229 659 qui
250 580 473 658 providentiam
495 579 657 640 consistere
680 584 875 657 negaverunt.

154 671 196 730 Π.
238 668 304 740 Quo
336 668 441 728 Itidem
456 687 460 695 ·
473 668 562 728 modo
594 672 626 728 et
655 669 719 730 rim
749 669 1021 748 necessitatemque
1051 672 1108 731 fati

86 758 287 822 constituerit
303 760 336 818 et
353 775 418 818 esse
435 759 538 817 umen
555 756 588 816 iu
601 757 688 818 nobis
701 757 820 818 consilii
833 756 1000 836 iudiciique
1012 761 1108 820 nostri

87 849 255 910 arbitrium
278 845 507 906 confirmaverit

155 935 212 996 III
249 934 387 995 Historia
407 937 530 1010 sumpta
551 951 589 993 ex
610 931 696 995 libris
719 934 886 996 Tuberonis
908 935 945 997 de
969 942 1108 1014 torpente

85 1025 268 1086 invisItatae
290 1023 498 1102 longItudinis.

156 1114 211 1172 IV.
254 1112 334 1183 Quid
369 1112 449 1172 idem
486 1110 606 1170 Tubero
638 1128 733 1171 norae
765 1111 909 1173 historiae
942 1113 979 1173 de
1011 1113 1107 1176 Atilio

88 1203 211 1281 Regulo
226 1220 246 1261 a
259 1200 558 1279 Carthaginiensibus
577 1202 666 1276 capto
684 1199 795 1260 litteris
813 1202 1015 1281 mandaverit,
1035 1204 1109 1282 quid

89 1292 186 1352 etiam
209 1289 380 1349 Tuditanus
403 1307 494 1365 snper
517 1288 622 1348 eodem
643 1289 762 1366 Regulo
786 1290 947 1367 scripserit.

167 1378 206 1439 V.
244 1377 331 1449 Quod
358 1377 487 1437 Alfenus
518 1376 742 1437 iureconsultus
769 1378 801 1436 in
827 1378 927 1439 verbis
954 1380 1108 1440 veteribus

91 1466 329 1544 interpretandis
353 1467 472 1526 erravit.

159 1556 212 1615 VI
242 1555 367 1614 Temere
380 1555 542 1631 inepteque
556 1553 771 1630 reprehensum
784 1573 849 1614 esse
864 1555 973 1616 alulio
987 1556 1109 1635 Hygino

96 1644 278 1723 Vergilium,
308 1644 389 1720 quod
411 1636 592 1719 ‘praepetes’
614 1642 743 1702 Daedali
765 1661 879 1718 pennas
902 1644 991 1721 dixit3
1018 1649 1109 1722 atque

99 1732 182 1811 inihi,
213 1733 289 1810 quid
318 1733 380 1792 sint
411 1749 483 1792 aves
513 1734 672 1807 praepetes
699 1736 731 1793 et
758 1728 830 1808 quId
853 1732 924 1791 illae
948 1733 1111 1812 sintenes,

103 1836 170 1896 quas
192 1819 339 1899 Nigidius
362 1814 497 1880 ‘inferes'
521 1818 695 1896 appellarit

163 1910 228 1969 VII
256 1909 303 1970 De
320 1909 402 1969 hoca
418 1909 562 1968 IerentIa
580 1912 613 1969 et
629 1907 705 1968 Gaia
724 1907 862 1984 Taracia3
880 1907 977 1987 deque
997 1909 1111 1988 origine

110 1998 257 2059 sacerdotii
280 1999 410 2058 drauum
432 1996 590 2059 arsatium.

166 2087 243 2146 VIII
281 2086 396 2146 Notata
423 2086 571 2165 quaedum
597 2085 635 2145 de
662 2104 734 2164 rege
761 2085 932 2146 Alexandro
961 2091 993 2147 et
1019 2088 1056 2148 de
1078 2088 1110 2147 P.

117 2169 236 2249 Scipione
259 2179 429 2235 memoratu
451 2175 552 2252 digua.

82 2298 87 2311 ·
168 2263 214 2324 IX.
240 2263 339 2324 Locus
357 2267 514 2340 exemptus
538 2280 574 2322 ax
596 2263 757 2323 annalibus
775 2263 808 2324 L.
828 2264 944 2324 Pisonis
968 2264 1111 2324 historiae

121 2349 296 2413 tonsionis
318 2352 528 2428 lepidissimae.

170 2440 201 2500 X.
230 2442 367 2502 Historia
393 2460 484 2517 super
510 2440 640 2500 Huolida
667 2440 833 2519 Socratico,
861 2441 948 2501 cuius
976 2441 1112 2516 exemplo

122 2516 216 2589 Taurus
241 2531 440 2607 philosophus
466 2529 581 2590 hortari
608 2529 816 2590 adulescentes
844 2548 914 2590 suos
943 2529 1051 2589 sohtus
1074 2528 1114 2589 ad

122 2607 320 2696 Philosophiam
341 2619 461 2679 naviter
483 2617 662 2677 sectandam.

132 2780 137 2792 ι
171 2704 215 2766 IH.
251 2707 353 2766 Verba
385 2724 421 2766 ex
453 2707 587 2766 oratione
620 2705 653 2776 Q.
685 2706 802 2766 Metelli
832 2705 999 2783 Numidici,
1036 2723 1113 2781 quae

122 2778 192 2926 {buit
210 2795 390 2875 meminisse,
409 2794 448 2855 ad
466 2795 599 2855 officium
616 2794 777 2872 grammis
795 2793 1013 2872 dignitatisque
1032 2795 1113 2854 vitae

138 2885 248 2944 nense.

140 3045 145 3057 ι
172 2969 231 3034 XII
263 2967 350 3044 Quod
377 2991 475 3050 neque
502 2965 755 3050 ‘testamentum',
784 2970 874 3031 sicuti
897 2970 1021 3032 Servius
1045 2970 1113 3030 Sul-

125 3053 198 3119 sein
221 3061 421 3140 existimavit,
447 3078 544 3139 neque
572 3054 754 3140 ‘suenum',
776 3059 867 3120 sicuti
890 3058 921 3119 0.
945 3060 1115 3138 Trebatius,

126 3131 233 3216 dl11³Ii0ia
248 3151 343 3212 verba
361 3152 442 3227 sunt,
460 3150 513 3210 sed
531 3167 550 3210 a
566 3149 731 3210 testatione
748 3149 930 3226 productum
944 3145 1114 3225 [alterum],

127 3220 231 3298 *lterum
252 3257 273 3299 a
294 3257 380 3300 sacro
403 3239 606 3300 imminutum.

46 3358 48 3364 ·
129 3392 134 3405 ,
174 3322 246 3388 XIII.
283 3327 329 3387 De
362 3327 601 3406 quaestiunculis
630 3327 712 3404 apud
739 3325 874 3386 Taurum
901 3324 1117 3402 philosophum

46 3445 49 3453 ›
127 3412 151 3457 ¹¹¹
167 3417 292 3478 convivio
316 3417 450 3496 agitatis,
474 3435 550 3494 quae
574 3407 783 3494 ‘sympotioae’
807 3416 963 3474 vocantur.

177 3499 245 3566 XIV.
276 3505 456 3565 Poeniendis
484 3505 615 3582 peccatis
642 3509 704 3566 tres
733 3520 797 3564 esse
824 3503 957 3562 rationes
982 3502 1116 3580 aphile-

169 3604 267 3657 Glmvs.
948 3603 971 3661 ‘l
