2392 3886
136 138 180 205 30
351 210 363 222 .
425 138 602 195 cerinum
619 139 688 196 ura.
706 138 766 197 xv.
785 139 857 195 xm.

99 351 103 358 ,
202 306 280 366 XXI.
314 305 400 376 Quod
428 326 446 366 a
472 308 570 384 poetis
596 308 676 370 Iovis
704 307 760 367 filii
787 307 1017 384 prudentissimi
1044 309 1150 371 huma·

135 394 324 474 nissimique,
351 395 486 472 Neptuni
515 399 617 456 autem
644 396 822 458 ferocissimi
850 400 881 457 et
907 397 1149 460 inhumanissimi

133 482 304 544 traduntur.

201 571 294 631 XXH.
326 572 463 633 Historia
486 572 522 632 de
542 570 684 652 Sertorio,
707 573 829 652 egregio
852 573 937 651 duee,
960 573 1060 652 deque
1082 578 1148 637 astu

135 661 199 722 eius
230 662 502 740 commenticiisque
533 660 764 740 simulamentis,
796 662 906 739 quibus
936 662 976 722 ad
1006 663 1147 725 barbaros

135 749 247 810 milites
270 749 465 810 continendos
488 749 751 828 conciliandosque
774 750 832 811 sibi
854 751 1009 813 utebatur.

200 837 309 898 xxm.
327 839 386 913 ‚De
409 838 561 899 aetatibus
582 838 797 899 historicorum
814 840 971 919 nobilium,
989 840 1145 920 Hellaniei,

134 925 290 1004 Herodoti,
313 926 505 1004 Thucydidis.

199 1014 307 1075 XXIV.
340 1014 420 1085 Quid
445 1015 608 1075 Vulcacius
632 1014 786 1094 Sedigitas
812 1016 845 1076 in
871 1016 964 1095 libro,
993 1036 1086 1095 quem
1111 1017 1144 1077 de

135 1103 234 1178 poetis
258 1104 387 1181 scripsit,
409 1104 446 1163 de
469 1104 589 1164 comicis
612 1104 730 1164 Latinis
751 1105 901 1165 iudicarit

200 1191 290 1252 XXV.
327 1192 372 1252 De
403 1193 503 1252 verbis
535 1192 715 1270 quibusdam
746 1194 846 1272 noris,
878 1212 955 1271 quae
987 1194 1020 1253 in
1054 1194 1144 1255 Gnaei

132 1279 209 1339 Mati
230 1280 411 1340 mimiambis
434 1281 660 1341 offenderamus.

199 1368 306 1428 XXVI.
339 1367 454 1438 Quibus
471 1369 571 1430 verbis
584 1369 764 1430 Aristoteles
782 1370 980 1446 philosophus
999 1370 1146 1433 definierit

133 1456 356 1536 syllogismum
379 1458 503 1534 eiusque
526 1458 709 1518 definitionis
725 1460 1031 1535 interpretamentum
1048 1460 1144 1522 verbis

133 1544 249 1605 Latinis
271 1547 393 1606 factum.

199 1634 319 1694 XXVII.
349 1634 428 1706 Quid
447 1635 508 1694 sint
526 1629 660 1695 ‘comitia
678 1629 798 1714 caleta',
816 1636 890 1713 quid
908 1629 1061 1716 ‘curiata',
1075 1636 1145 1716 quid

132 1716 334 1802 ‘centuriata',
362 1723 434 1802 quid
458 1717 606 1801 ‘tributa',
634 1723 707 1800 quid
730 1717 928 1803 ‘concilium'q
955 1728 1050 1803 atque
1073 1726 1146 1787 inibi

131 1811 280 1888 quaedam
303 1812 526 1872 eiusdemmodi.
1134 1892 1137 1897 ι

198 1900 337 1960 XXVIII.
371 1900 458 1972 Quod
481 1901 594 1961 erravit
616 1899 773 1961 Cornelius
795 1901 906 1981 Nepos,
928 1920 1000 1961 cum
1021 1904 1148 1980 scripsit

131 1986 304 2047 Ciceronem
325 1993 388 2049 tres
412 1992 443 2048 et
464 1989 575 2066 uiginti
598 2007 692 2048 annos
714 1992 822 2049 natum
840 2008 962 2051 causam
979 2010 1036 2067 pro
1056 1992 1147 2055 Sexto

130 2075 239 2136 Roscio
262 2076 380 2137 dixisse.

197 2163 304 2224 XXIX.
336 2164 426 2236 Quali
452 2165 551 2244 figura
577 2165 722 2227 orationis
749 2170 780 2227 et
802 2186 894 2245 quam
916 2186 996 2229 nova
1017 2167 1054 2229 L.
1077 2168 1147 2231 Piso

131 2253 287 2313 annalium
310 2253 438 2330 scriptor
459 2272 533 2316 usus
556 2255 604 2322 sit.

197 2342 286 2401 XXX.
315 2343 505 2424 Vehiculum,
524 2343 604 2422 quod
618 2337 821 2419 ‘petorritum'
836 2344 1018 2426 appellatur,
1033 2347 1146 2411 cuiatis

130 2431 253 2511 linguae
275 2432 456 2492 vocabulum
480 2433 529 2511 sit,
552 2431 684 2492 Graecae
706 2451 746 2491 an
769 2431 912 2494 Gallicae.

196 2520 303 2580 XXXI.
336 2519 419 2590 Quae
436 2521 529 2582 verba
547 2521 716 2599 legaverint
729 2521 818 2581 Rodii
835 2522 875 2581 ad
887 2522 1022 2583 hostium
1036 2523 1146 2585 ducem

129 2608 330 2687 Demetrium,
357 2627 426 2669 curn
453 2609 492 2671 ab
519 2629 553 2670 ec
581 2609 803 2688 obsiderentur,
834 2628 924 2687 super
950 2611 1006 2671 illa
1027 2612 1148 2674 incluta

126 2697 224 2774 ,Ialysi
245 2698 385 2775 imagine.

312 2857 513 2918 CAPITVLA
535 2859 647 2918 LIBRI
670 2857 788 2917 snxrl
809 2857 960 2919 Dncllss.

195 2963 217 3022 l.
246 2963 347 3024 Verba
363 2965 484 3026 Musoni
501 2965 674 3041 philosophi
693 2964 815 3043 Graeca,
834 2950 925 3043 digna
943 2967 1036 3042 atque
1054 2967 1145 3027 utilia

129 3052 228 3111 audiri
265 3051 490 3131 observarique,
526 3054 719 3131 eiusdemque
751 3053 897 3113 utilitatis
928 3055 1094 3134 sententia,
1126 3072 1145 3115 a

127 3140 166 3199 M.
187 3139 300 3201 Catone
322 3142 429 3202 multis
450 3145 521 3202 ante
544 3143 630 3202 annis
648 3143 831 3203 Numantiae
854 3142 894 3202 ad
916 3143 1034 3220 equites
1053 3143 1142 3204 diets.

194 3229 232 3288 II
270 3228 446 3292 Cuiusmodi
477 3230 518 3291 eit
548 3231 598 3291 lex
629 3232 710 3308 apud
741 3231 914 3291 dialecticos
945 3231 1143 3308 percontandi

129 3317 367 3398 disserendique,
390 3323 421 3380 et
443 3338 520 3397 quae
544 3321 584 3380 sit
607 3321 672 3380 eius
695 3320 771 3398 legis
793 3320 992 3396 reprehensio.

194 3406 247 3467 IH.
282 3407 420 3479 Quanam
446 3409 562 3470 ratione
585 3409 665 3469 effici
687 3409 797 3470 dixerit
820 3409 1024 3469 Erasistratus
1047 3409 1142 3471 medi·

129 3513 190 3575 cus,
214 3496 239 3556 si
262 3496 347 3558 cibus
369 3498 447 3558 forte
470 3498 574 3577 deerit,
596 3501 633 3557 ut
653 3499 779 3558 tolerari
801 3497 1020 3575 aliquantisper
1042 3498 1144 3559 inedia
