<?xml version="1.0" encoding="UTF-8"?>
<!DOCTYPE html PUBLIC "-//W3C//DTD XHTML 1.0 Transitional//EN"
    "http://www.w3.org/TR/xhtml1/DTD/xhtml1-transitional.dtd">
<html xmlns="http://www.w3.org/1999/xhtml" xml:lang="en" lang="en">
 <head>
  <title>
</title>
<meta http-equiv="Content-Type" content="text/html;charset=utf-8" />
  <meta name='ocr-system' content='tesseract 3.04.00' />
  <meta name='ocr-capabilities' content='ocr_page ocr_carea ocr_par ocr_line ocrx_word'/>
</head>
<body>
  <div class='ocr_page' id='page_1' title='image "agelliinoctiuma00hertgoog_0023.png"; bbox 0 0 2392 3886; ppageno 0'>
   <div class='ocr_carea' id='block_1_1' title="bbox 89 148 748 214">
    <p class='ocr_par' dir='ltr' id='par_1_1' title="bbox 89 148 748 214">
     <span class='ocr_line' id='line_1_1' title="bbox 89 148 748 214; baseline 0.005 -11"><span class='ocrx_word' id='word_1_1' title='bbox 89 148 109 214; x_wconf 85' lang='lat'><strong>6</strong></span> <span class='ocrx_word' id='word_1_2' title='bbox 445 148 624 207; x_wconf 67' lang='lat' dir='ltr'>aarum</span> <span class='ocrx_word' id='word_1_3' title='bbox 642 149 709 207; x_wconf 82' lang='lat' dir='ltr'>IdB.</span> <span class='ocrx_word' id='word_1_4' title='bbox 727 151 748 206; x_wconf 91' lang='grc' dir='ltr'>Ι.</span> 
     </span>
    </p>
   </div>
   <div class='ocr_carea' id='block_1_2' title="bbox 62 315 1109 3570">
    <p class='ocr_par' dir='ltr' id='par_1_2' title="bbox 62 315 1106 570">
     <span class='ocr_line' id='line_1_2' title="bbox 86 315 1106 398; baseline 0.003 -21"><span class='ocrx_word' id='word_1_5' title='bbox 86 316 162 377; x_wconf 91' lang='lat' dir='ltr'>item</span> <span class='ocrx_word' id='word_1_6' title='bbox 179 315 360 378; x_wconf 87' lang='lat' dir='ltr'>Hortensius</span> <span class='ocrx_word' id='word_1_7' title='bbox 383 321 485 378; x_wconf 87' lang='lat' dir='ltr'>orator</span> <span class='ocrx_word' id='word_1_8' title='bbox 507 319 545 379; x_wconf 91' lang='lat' dir='ltr'>cb</span> <span class='ocrx_word' id='word_1_9' title='bbox 569 318 716 380; x_wconf 91' lang='lat' dir='ltr'>eiusmodi</span> <span class='ocrx_word' id='word_1_10' title='bbox 736 317 901 380; x_wconf 71' lang='lat' dir='ltr'><strong>munditias</strong></span> <span class='ocrx_word' id='word_1_11' title='bbox 924 322 1106 398; x_wconf 84' lang='lat' dir='ltr'>gestumque</span> 
     </span>
     <span class='ocr_line' id='line_1_3' title="bbox 62 405 1106 486; baseline -0.002 -15"><span class='ocrx_word' id='word_1_12' title='bbox 62 463 66 471; x_wconf 95' lang='lat'>.</span> <span class='ocrx_word' id='word_1_13' title='bbox 86 405 118 465; x_wconf 87' lang='lat' dir='ltr'>in</span> <span class='ocrx_word' id='word_1_14' title='bbox 136 406 253 484; x_wconf 79' lang='lat' dir='ltr'>agendo</span> <span class='ocrx_word' id='word_1_15' title='bbox 272 406 482 467; x_wconf 90' lang='lat' dir='ltr'>histrionicum</span> <span class='ocrx_word' id='word_1_16' title='bbox 495 407 659 484; x_wconf 71' lang='lat' dir='ltr'><strong>Dionysiae</strong></span> <span class='ocrx_word' id='word_1_17' title='bbox 678 407 885 468; x_wconf 69' lang='lat' dir='ltr'>saltatriculae</span> <span class='ocrx_word' id='word_1_18' title='bbox 905 412 1106 486; x_wconf 83' lang='lat' dir='ltr'>cognomento</span> 
     </span>
     <span class='ocr_line' id='line_1_4' title="bbox 87 493 366 570; baseline 0 -16"><span class='ocrx_word' id='word_1_19' title='bbox 87 493 288 570; x_wconf 70' lang='lat' dir='ltr'>compellatus</span> <span class='ocrx_word' id='word_1_20' title='bbox 312 498 366 556; x_wconf 83' lang='lat' dir='ltr'>est</span> 
     </span>
    </p>

    <p class='ocr_par' dir='ltr' id='par_1_3' title="bbox 85 583 1108 926">
     <span class='ocr_line' id='line_1_5' title="bbox 152 583 1107 662; baseline 0.003 -19"><span class='ocrx_word' id='word_1_21' title='bbox 152 583 204 643; x_wconf 89' lang='lat' dir='ltr'>VI.</span> <span class='ocrx_word' id='word_1_22' title='bbox 236 583 337 644; x_wconf 88' lang='lat' dir='ltr'>Verba</span> <span class='ocrx_word' id='word_1_23' title='bbox 359 603 396 644; x_wconf 86' lang='lat' dir='ltr'>ex</span> <span class='ocrx_word' id='word_1_24' title='bbox 423 585 558 645; x_wconf 90' lang='lat' dir='ltr'>oratione</span> <span class='ocrx_word' id='word_1_25' title='bbox 580 584 697 645; x_wconf 88' lang='lat' dir='ltr'>Metelli</span> <span class='ocrx_word' id='word_1_26' title='bbox 718 583 885 658; x_wconf 80' lang='lat' dir='ltr'>Numidici,</span> <span class='ocrx_word' id='word_1_27' title='bbox 914 604 1006 662; x_wconf 91' lang='lat' dir='ltr'>quam</span> <span class='ocrx_word' id='word_1_28' title='bbox 1030 586 1107 646; x_wconf 81' lang='lat' dir='ltr'>dixit</span> 
     </span>
     <span class='ocr_line' id='line_1_6' title="bbox 85 671 1107 751; baseline 0.002 -18"><span class='ocrx_word' id='word_1_29' title='bbox 85 671 117 733; x_wconf 84' lang='lat' dir='ltr'>ia</span> <span class='ocrx_word' id='word_1_30' title='bbox 143 690 270 734; x_wconf 87' lang='lat' dir='ltr'>censura</span> <span class='ocrx_word' id='word_1_31' title='bbox 297 672 336 733; x_wconf 92' lang='lat' dir='ltr'>ad</span> <span class='ocrx_word' id='word_1_32' title='bbox 364 674 524 751; x_wconf 88' lang='lat' dir='ltr'>populum,</span> <span class='ocrx_word' id='word_1_33' title='bbox 559 691 629 733; x_wconf 87' lang='lat' dir='ltr'>cum</span> <span class='ocrx_word' id='word_1_34' title='bbox 655 692 726 734; x_wconf 93' lang='lat' dir='ltr'>eum</span> <span class='ocrx_word' id='word_1_35' title='bbox 752 674 791 734; x_wconf 91' lang='lat' dir='ltr'>ad</span> <span class='ocrx_word' id='word_1_36' title='bbox 818 691 925 733; x_wconf 81' lang='lat' dir='ltr'>uxores</span> <span class='ocrx_word' id='word_1_37' title='bbox 953 674 1107 735; x_wconf 87' lang='lat' dir='ltr'>ducendas</span> 
     </span>
     <span class='ocr_line' id='line_1_7' title="bbox 86 759 1108 839; baseline 0.005 -20"><span class='ocrx_word' id='word_1_38' title='bbox 86 759 311 838; x_wconf 87' lang='lat' dir='ltr'>adhortaretur;</span> <span class='ocrx_word' id='word_1_39' title='bbox 342 781 438 838; x_wconf 92' lang='lat' dir='ltr'>eaque</span> <span class='ocrx_word' id='word_1_40' title='bbox 464 762 560 822; x_wconf 89' lang='lat' dir='ltr'>oratio</span> <span class='ocrx_word' id='word_1_41' title='bbox 589 780 680 839; x_wconf 89' lang='lat' dir='ltr'>quam</span> <span class='ocrx_word' id='word_1_42' title='bbox 708 761 746 822; x_wconf 93' lang='lat' dir='ltr'>ob</span> <span class='ocrx_word' id='word_1_43' title='bbox 774 780 897 822; x_wconf 90' lang='lat' dir='ltr'>causam</span> <span class='ocrx_word' id='word_1_44' title='bbox 923 763 1108 839; x_wconf 87' lang='lat' dir='ltr'>reprehensa</span> 
     </span>
     <span class='ocr_line' id='line_1_8' title="bbox 86 850 657 926; baseline 0.007 -19"><span class='ocrx_word' id='word_1_45' title='bbox 86 852 121 908; x_wconf 55' lang='lat' dir='ltr'>et¹</span> <span class='ocrx_word' id='word_1_46' title='bbox 141 869 200 926; x_wconf 92' lang='lat' dir='ltr'>qno</span> <span class='ocrx_word' id='word_1_47' title='bbox 224 854 329 911; x_wconf 87' lang='lat' dir='ltr'>contra</span> <span class='ocrx_word' id='word_1_48' title='bbox 351 851 440 910; x_wconf 90' lang='lat' dir='ltr'>modo</span> <span class='ocrx_word' id='word_1_49' title='bbox 463 850 586 911; x_wconf 86' lang='lat' dir='ltr'>defensa</span> <span class='ocrx_word' id='word_1_50' title='bbox 609 850 657 911; x_wconf 77' lang='lat' dir='ltr'>sit:</span> 
     </span>
    </p>

    <p class='ocr_par' dir='ltr' id='par_1_4' title="bbox 85 937 1109 1545">
     <span class='ocr_line' id='line_1_9' title="bbox 152 937 1109 1016; baseline 0.004 -20"><span class='ocrx_word' id='word_1_51' title='bbox 152 937 219 996; x_wconf 87' lang='lat' dir='ltr'>VII.</span> <span class='ocrx_word' id='word_1_52' title='bbox 252 939 287 997; x_wconf 93' lang='lat' dir='ltr'>In</span> <span class='ocrx_word' id='word_1_53' title='bbox 314 937 396 999; x_wconf 92' lang='lat' dir='ltr'>hisce</span> <span class='ocrx_word' id='word_1_54' title='bbox 422 939 521 1000; x_wconf 86' lang='lat' dir='ltr'>verbis</span> <span class='ocrx_word' id='word_1_55' title='bbox 549 937 701 999; x_wconf 79' lang='lat' dir='ltr'>Ciceronis</span> <span class='ocrx_word' id='word_1_56' title='bbox 724 939 919 999; x_wconf 85' lang='lat' dir='ltr'>exoratione</span> <span class='ocrx_word' id='word_1_57' title='bbox 943 939 1052 1016; x_wconf 89' lang='lat' dir='ltr'>quinta</span> <span class='ocrx_word' id='word_1_58' title='bbox 1076 938 1109 1000; x_wconf 93' lang='lat' dir='ltr'>in</span> 
     </span>
     <span class='ocr_line' id='line_1_10' title="bbox 86 1021 1108 1106; baseline 0.006 -23"><span class='ocrx_word' id='word_1_59' title='bbox 86 1023 211 1086; x_wconf 79' lang='lat' dir='ltr'>Verrem</span> <span class='ocrx_word' id='word_1_60' title='bbox 234 1021 323 1087; x_wconf 81' lang='lat' dir='ltr'>‘hanc</span> <span class='ocrx_word' id='word_1_61' title='bbox 346 1026 404 1087; x_wconf 90' lang='lat' dir='ltr'>sibi</span> <span class='ocrx_word' id='word_1_62' title='bbox 426 1047 491 1088; x_wconf 92' lang='lat' dir='ltr'>rem</span> <span class='ocrx_word' id='word_1_63' title='bbox 513 1026 663 1103; x_wconf 89' lang='lat' dir='ltr'>praesidio</span> <span class='ocrx_word' id='word_1_64' title='bbox 686 1031 809 1103; x_wconf 90' lang='lat' dir='ltr'>sperant</span> <span class='ocrx_word' id='word_1_65' title='bbox 830 1021 982 1087; x_wconf 82' lang='lat' dir='ltr'>inturum&#39;</span> <span class='ocrx_word' id='word_1_66' title='bbox 1008 1047 1108 1106; x_wconf 86' lang='lat' dir='ltr'>neque</span> 
     </span>
     <span class='ocr_line' id='line_1_11' title="bbox 85 1113 1108 1194; baseline 0.006 -22"><span class='ocrx_word' id='word_1_67' title='bbox 85 1113 228 1174; x_wconf 91' lang='lat' dir='ltr'>mendum</span> <span class='ocrx_word' id='word_1_68' title='bbox 255 1134 319 1175; x_wconf 92' lang='lat' dir='ltr'>esse</span> <span class='ocrx_word' id='word_1_69' title='bbox 348 1135 445 1193; x_wconf 91' lang='lat' dir='ltr'>neque</span> <span class='ocrx_word' id='word_1_70' title='bbox 472 1115 595 1194; x_wconf 84' lang='lat' dir='ltr'>vitium,</span> <span class='ocrx_word' id='word_1_71' title='bbox 623 1135 784 1194; x_wconf 89' lang='lat' dir='ltr'>errareque</span> <span class='ocrx_word' id='word_1_72' title='bbox 811 1116 899 1194; x_wconf 86' lang='lat' dir='ltr'>istos,</span> <span class='ocrx_word' id='word_1_73' title='bbox 930 1116 982 1193; x_wconf 90' lang='lat' dir='ltr'>qui</span> <span class='ocrx_word' id='word_1_74' title='bbox 1010 1116 1108 1178; x_wconf 92' lang='lat' dir='ltr'>bonos</span> 
     </span>
     <span class='ocr_line' id='line_1_12' title="bbox 85 1198 1109 1282; baseline 0.006 -22"><span class='ocrx_word' id='word_1_75' title='bbox 85 1202 178 1263; x_wconf 91' lang='lat' dir='ltr'>libros</span> <span class='ocrx_word' id='word_1_76' title='bbox 200 1204 316 1263; x_wconf 87' lang='lat' dir='ltr'>violant</span> <span class='ocrx_word' id='word_1_77' title='bbox 339 1207 371 1263; x_wconf 92' lang='lat' dir='ltr'>et</span> <span class='ocrx_word' id='word_1_78' title='bbox 392 1198 550 1264; x_wconf 74' lang='lat' dir='ltr'>‘futuram&#39;</span> <span class='ocrx_word' id='word_1_79' title='bbox 570 1205 720 1281; x_wconf 82' lang='lat' dir='ltr'>scribunt3</span> <span class='ocrx_word' id='word_1_80' title='bbox 743 1208 835 1282; x_wconf 91' lang='lat' dir='ltr'>atque</span> <span class='ocrx_word' id='word_1_81' title='bbox 855 1205 953 1265; x_wconf 92' lang='lat' dir='ltr'>ibide</span> <span class='ocrx_word' id='word_1_82' title='bbox 972 1206 1109 1282; x_wconf 88' lang='lat' dir='ltr'>quodam</span> 
     </span>
     <span class='ocr_line' id='line_1_13' title="bbox 85 1290 1109 1372; baseline 0.003 -21"><span class='ocrx_word' id='word_1_83' title='bbox 85 1291 146 1351; x_wconf 87' lang='lat' dir='ltr'>alio</span> <span class='ocrx_word' id='word_1_84' title='bbox 160 1290 312 1353; x_wconf 78' lang='lat' dir='ltr'>Ciceronis</span> <span class='ocrx_word' id='word_1_85' title='bbox 324 1293 417 1354; x_wconf 79' lang='lat' dir='ltr'>uerbo</span> <span class='ocrx_word' id='word_1_86' title='bbox 432 1293 556 1369; x_wconf 79' lang='lat' dir='ltr'>dictum,</span> <span class='ocrx_word' id='word_1_87' title='bbox 575 1294 657 1372; x_wconf 91' lang='lat' dir='ltr'>quod</span> <span class='ocrx_word' id='word_1_88' title='bbox 676 1294 768 1370; x_wconf 90' lang='lat' dir='ltr'>probe</span> <span class='ocrx_word' id='word_1_89' title='bbox 786 1294 933 1370; x_wconf 92' lang='lat' dir='ltr'>scriptum</span> <span class='ocrx_word' id='word_1_90' title='bbox 946 1313 1109 1370; x_wconf 80' lang='lat' dir='ltr'>perperam</span> 
     </span>
     <span class='ocr_line' id='line_1_14' title="bbox 85 1382 1108 1461; baseline 0.004 -22"><span class='ocrx_word' id='word_1_91' title='bbox 85 1383 236 1456; x_wconf 87' lang='lat' dir='ltr'>mutatur;</span> <span class='ocrx_word' id='word_1_92' title='bbox 255 1385 287 1440; x_wconf 92' lang='lat' dir='ltr'>et</span> <span class='ocrx_word' id='word_1_93' title='bbox 300 1399 423 1457; x_wconf 89' lang='lat' dir='ltr'>aspersa</span> <span class='ocrx_word' id='word_1_94' title='bbox 435 1401 533 1458; x_wconf 92' lang='lat' dir='ltr'>pauca</span> <span class='ocrx_word' id='word_1_95' title='bbox 546 1382 583 1442; x_wconf 92' lang='lat' dir='ltr'>de</span> <span class='ocrx_word' id='word_1_96' title='bbox 597 1382 728 1443; x_wconf 90' lang='lat' dir='ltr'>modulis</span> <span class='ocrx_word' id='word_1_97' title='bbox 742 1383 935 1460; x_wconf 85' lang='lat' dir='ltr'>numerisque</span> <span class='ocrx_word' id='word_1_98' title='bbox 949 1383 1108 1461; x_wconf 81' lang='lat' dir='ltr'>orationis,</span> 
     </span>
     <span class='ocr_line' id='line_1_15' title="bbox 85 1468 634 1545; baseline 0.007 -18"><span class='ocrx_word' id='word_1_99' title='bbox 85 1487 161 1545; x_wconf 89' lang='lat' dir='ltr'>quos</span> <span class='ocrx_word' id='word_1_100' title='bbox 185 1468 288 1530; x_wconf 75' lang='lat' dir='ltr'>Cicero</span> <span class='ocrx_word' id='word_1_101' title='bbox 312 1471 400 1531; x_wconf 89' lang='lat' dir='ltr'>avide</span> <span class='ocrx_word' id='word_1_102' title='bbox 423 1474 557 1531; x_wconf 76' lang='lat' dir='ltr'>sectatus</span> <span class='ocrx_word' id='word_1_103' title='bbox 579 1475 634 1532; x_wconf 90' lang='lat' dir='ltr'>est.</span> 
     </span>
    </p>

    <p class='ocr_par' dir='ltr' id='par_1_5' title="bbox 86 1557 1109 1710">
     <span class='ocr_line' id='line_1_16' title="bbox 154 1557 1109 1636; baseline 0.006 -22"><span class='ocrx_word' id='word_1_104' title='bbox 154 1557 235 1617; x_wconf 90' lang='lat' dir='ltr'>VIII.</span> <span class='ocrx_word' id='word_1_105' title='bbox 259 1557 396 1619; x_wconf 78' lang='lat' dir='ltr'>Historia</span> <span class='ocrx_word' id='word_1_106' title='bbox 408 1560 441 1620; x_wconf 94' lang='lat' dir='ltr'>in</span> <span class='ocrx_word' id='word_1_107' title='bbox 454 1559 541 1620; x_wconf 91' lang='lat' dir='ltr'>libris</span> <span class='ocrx_word' id='word_1_108' title='bbox 552 1559 683 1621; x_wconf 86' lang='lat' dir='ltr'>Sotionis</span> <span class='ocrx_word' id='word_1_109' title='bbox 697 1559 1000 1636; x_wconf 83' lang='lat' dir='ltr'>philosophireperta</span> <span class='ocrx_word' id='word_1_110' title='bbox 1016 1578 1109 1636; x_wconf 91' lang='lat' dir='ltr'>super</span> 
     </span>
     <span class='ocr_line' id='line_1_17' title="bbox 86 1645 771 1710; baseline 0.006 -6"><span class='ocrx_word' id='word_1_111' title='bbox 86 1645 179 1706; x_wconf 85' lang='lat' dir='ltr'>Laide</span> <span class='ocrx_word' id='word_1_112' title='bbox 198 1648 354 1708; x_wconf 87' lang='lat' dir='ltr'>meretrice</span> <span class='ocrx_word' id='word_1_113' title='bbox 373 1651 405 1708; x_wconf 92' lang='lat' dir='ltr'>et</span> <span class='ocrx_word' id='word_1_114' title='bbox 422 1649 625 1710; x_wconf 89' lang='lat' dir='ltr'>Demosthene</span> <span class='ocrx_word' id='word_1_115' title='bbox 643 1649 771 1710; x_wconf 88' lang='lat' dir='ltr'>rhetore.</span> 
     </span>
    </p>

    <p class='ocr_par' dir='ltr' id='par_1_6' title="bbox 85 1734 1108 1974">
     <span class='ocr_line' id='line_1_18' title="bbox 151 1734 1108 1816; baseline 0.002 -22"><span class='ocrx_word' id='word_1_116' title='bbox 151 1735 203 1796; x_wconf 89' lang='lat' dir='ltr'>IX.</span> <span class='ocrx_word' id='word_1_117' title='bbox 239 1735 313 1807; x_wconf 84' lang='lat' dir='ltr'>Quis</span> <span class='ocrx_word' id='word_1_118' title='bbox 339 1738 448 1798; x_wconf 93' lang='lat' dir='ltr'>modus</span> <span class='ocrx_word' id='word_1_119' title='bbox 473 1739 579 1814; x_wconf 82' lang='lat' dir='ltr'>fuerit,</span> <span class='ocrx_word' id='word_1_120' title='bbox 606 1740 673 1816; x_wconf 90' lang='lat' dir='ltr'>quis</span> <span class='ocrx_word' id='word_1_121' title='bbox 698 1736 770 1797; x_wconf 93' lang='lat' dir='ltr'>ordo</span> <span class='ocrx_word' id='word_1_122' title='bbox 794 1734 969 1810; x_wconf 91' lang='lat' dir='ltr'>disciplinae</span> <span class='ocrx_word' id='word_1_123' title='bbox 990 1735 1108 1812; x_wconf 86' lang='lat' dir='ltr'>Pytha-</span> 
     </span>
     <span class='ocr_line' id='line_1_19' title="bbox 85 1822 1108 1904; baseline 0 -20"><span class='ocrx_word' id='word_1_124' title='bbox 85 1824 204 1902; x_wconf 84' lang='lat' dir='ltr'>goricae</span> <span class='ocrx_word' id='word_1_125' title='bbox 232 1828 440 1904; x_wconf 88' lang='lat' dir='ltr'>quantumque</span> <span class='ocrx_word' id='word_1_126' title='bbox 467 1827 613 1903; x_wconf 88' lang='lat' dir='ltr'>temporis</span> <span class='ocrx_word' id='word_1_127' title='bbox 640 1827 823 1901; x_wconf 90' lang='lat' dir='ltr'>imperatum</span> <span class='ocrx_word' id='word_1_128' title='bbox 852 1822 1108 1901; x_wconf 86' lang='lat' dir='ltr'>observatumque</span> 
     </span>
     <span class='ocr_line' id='line_1_20' title="bbox 85 1912 605 1974; baseline 0 -2"><span class='ocrx_word' id='word_1_129' title='bbox 85 1912 125 1972; x_wconf 91' lang='lat' dir='ltr'>sit</span> <span class='ocrx_word' id='word_1_130' title='bbox 149 1913 282 1973; x_wconf 92' lang='lat' dir='ltr'>discendi</span> <span class='ocrx_word' id='word_1_131' title='bbox 305 1915 396 1974; x_wconf 89' lang='lat' dir='ltr'>simul</span> <span class='ocrx_word' id='word_1_132' title='bbox 419 1932 454 1973; x_wconf 89' lang='lat' dir='ltr'>ec</span> <span class='ocrx_word' id='word_1_133' title='bbox 477 1914 605 1974; x_wconf 90' lang='lat' dir='ltr'>tacendi.</span> 
     </span>
    </p>

    <p class='ocr_par' dir='ltr' id='par_1_7' title="bbox 85 1997 1109 2165">
     <span class='ocr_line' id='line_1_21' title="bbox 151 1997 1109 2077; baseline 0.002 -18"><span class='ocrx_word' id='word_1_134' title='bbox 151 2001 187 2060; x_wconf 87' lang='lat' dir='ltr'>X.</span> <span class='ocrx_word' id='word_1_135' title='bbox 215 2000 332 2072; x_wconf 82' lang='lat' dir='ltr'>Quibus</span> <span class='ocrx_word' id='word_1_136' title='bbox 349 2001 450 2064; x_wconf 83' lang='lat' dir='ltr'>verbis</span> <span class='ocrx_word' id='word_1_137' title='bbox 468 1999 695 2077; x_wconf 81' lang='lat' dir='ltr'>compellaverit</span> <span class='ocrx_word' id='word_1_138' title='bbox 716 1997 886 2060; x_wconf 79' lang='lat' dir='ltr'>Favorinus</span> <span class='ocrx_word' id='word_1_139' title='bbox 904 1998 1109 2076; x_wconf 91' lang='lat' dir='ltr'>philosophus</span> 
     </span>
     <span class='ocr_line' id='line_1_22' title="bbox 85 2087 906 2165; baseline -0.004 -16"><span class='ocrx_word' id='word_1_140' title='bbox 85 2087 309 2150; x_wconf 83' lang='lat' dir='ltr'>adulescentem</span> <span class='ocrx_word' id='word_1_141' title='bbox 331 2107 416 2150; x_wconf 89' lang='lat' dir='ltr'>casce</span> <span class='ocrx_word' id='word_1_142' title='bbox 439 2089 529 2150; x_wconf 92' lang='lat' dir='ltr'>nimis</span> <span class='ocrx_word' id='word_1_143' title='bbox 551 2093 583 2149; x_wconf 91' lang='lat' dir='ltr'>et</span> <span class='ocrx_word' id='word_1_144' title='bbox 604 2088 701 2164; x_wconf 85' lang='lat' dir='ltr'>prisce</span> <span class='ocrx_word' id='word_1_145' title='bbox 724 2087 906 2165; x_wconf 88' lang='lat' dir='ltr'>loquentem</span> 
     </span>
    </p>

    <p class='ocr_par' dir='ltr' id='par_1_8' title="bbox 85 2176 1108 2594">
     <span class='ocr_line' id='line_1_23' title="bbox 151 2176 1108 2253; baseline 0.001 -16"><span class='ocrx_word' id='word_1_146' title='bbox 151 2177 203 2237; x_wconf 89' lang='lat' dir='ltr'>XI.</span> <span class='ocrx_word' id='word_1_147' title='bbox 236 2177 324 2248; x_wconf 84' lang='lat' dir='ltr'>Quod</span> <span class='ocrx_word' id='word_1_148' title='bbox 346 2177 539 2253; x_wconf 84' lang='lat' dir='ltr'>Thucydidas</span> <span class='ocrx_word' id='word_1_149' title='bbox 562 2177 691 2253; x_wconf 87' lang='lat' dir='ltr'>scriptor</span> <span class='ocrx_word' id='word_1_150' title='bbox 707 2177 832 2236; x_wconf 86' lang='lat' dir='ltr'>inolitus</span> <span class='ocrx_word' id='word_1_151' title='bbox 849 2176 1108 2238; x_wconf 90' lang='lat' dir='ltr'>Lacedaemonios</span> 
     </span>
     <span class='ocr_line' id='line_1_24' title="bbox 86 2264 1108 2343; baseline 0.001 -17"><span class='ocrx_word' id='word_1_152' title='bbox 86 2266 119 2325; x_wconf 93' lang='lat' dir='ltr'>in</span> <span class='ocrx_word' id='word_1_153' title='bbox 141 2267 205 2326; x_wconf 87' lang='lat' dir='ltr'>acie</span> <span class='ocrx_word' id='word_1_154' title='bbox 223 2284 285 2326; x_wconf 91' lang='lat' dir='ltr'>non</span> <span class='ocrx_word' id='word_1_155' title='bbox 302 2266 387 2343; x_wconf 87' lang='lat' dir='ltr'>tuba,</span> <span class='ocrx_word' id='word_1_156' title='bbox 410 2265 463 2326; x_wconf 92' lang='lat' dir='ltr'>sed</span> <span class='ocrx_word' id='word_1_157' title='bbox 480 2265 565 2326; x_wconf 90' lang='lat' dir='ltr'>tibiis</span> <span class='ocrx_word' id='word_1_158' title='bbox 583 2284 648 2326; x_wconf 89' lang='lat' dir='ltr'>esse</span> <span class='ocrx_word' id='word_1_159' title='bbox 666 2283 738 2326; x_wconf 92' lang='lat' dir='ltr'>usos</span> <span class='ocrx_word' id='word_1_160' title='bbox 758 2264 841 2342; x_wconf 86' lang='lat' dir='ltr'>dicit,</span> <span class='ocrx_word' id='word_1_161' title='bbox 863 2266 1016 2342; x_wconf 84' lang='lat' dir='ltr'>verbaque</span> <span class='ocrx_word' id='word_1_162' title='bbox 1039 2267 1108 2327; x_wconf 87' lang='lat' dir='ltr'>eius</span> 
     </span>
     <span class='ocr_line' id='line_1_25' title="bbox 87 2353 1108 2432; baseline 0 -17"><span class='ocrx_word' id='word_1_163' title='bbox 87 2373 236 2432; x_wconf 89' lang='lat' dir='ltr'>superea</span> <span class='ocrx_word' id='word_1_164' title='bbox 262 2374 295 2415; x_wconf 92' lang='lat' dir='ltr'>re</span> <span class='ocrx_word' id='word_1_165' title='bbox 322 2354 435 2432; x_wconf 79' lang='lat' dir='ltr'>posita3</span> <span class='ocrx_word' id='word_1_166' title='bbox 462 2353 601 2432; x_wconf 90' lang='lat' dir='ltr'>quodque</span> <span class='ocrx_word' id='word_1_167' title='bbox 624 2353 797 2415; x_wconf 89' lang='lat' dir='ltr'>Herodotus</span> <span class='ocrx_word' id='word_1_168' title='bbox 819 2354 977 2430; x_wconf 83' lang='lat' dir='ltr'>Alyattem</span> <span class='ocrx_word' id='word_1_169' title='bbox 1001 2371 1108 2432; x_wconf 83' lang='lat' dir='ltr'>regem</span> 
     </span>
     <span class='ocr_line' id='line_1_26' title="bbox 85 2442 1108 2520; baseline 0.001 -18"><span class='ocrx_word' id='word_1_170' title='bbox 85 2443 222 2504; x_wconf 87' lang='lat' dir='ltr'>fidicinas</span> <span class='ocrx_word' id='word_1_171' title='bbox 240 2444 272 2504; x_wconf 90' lang='lat' dir='ltr'>in</span> <span class='ocrx_word' id='word_1_172' title='bbox 290 2443 449 2519; x_wconf 91' lang='lat' dir='ltr'>procinctu</span> <span class='ocrx_word' id='word_1_173' title='bbox 465 2442 607 2504; x_wconf 89' lang='lat' dir='ltr'>habuisse</span> <span class='ocrx_word' id='word_1_174' title='bbox 625 2443 733 2519; x_wconf 83' lang='lat' dir='ltr'>tradit3</span> <span class='ocrx_word' id='word_1_175' title='bbox 751 2447 843 2520; x_wconf 90' lang='lat' dir='ltr'>atque</span> <span class='ocrx_word' id='word_1_176' title='bbox 861 2442 937 2502; x_wconf 94' lang='lat' dir='ltr'>inibi</span> <span class='ocrx_word' id='word_1_177' title='bbox 955 2442 1108 2518; x_wconf 89' lang='lat' dir='ltr'>quaedam</span> 
     </span>
     <span class='ocr_line' id='line_1_27' title="bbox 86 2531 747 2594; baseline -0.002 -2"><span class='ocrx_word' id='word_1_178' title='bbox 86 2536 192 2594; x_wconf 91' lang='lat' dir='ltr'>notata</span> <span class='ocrx_word' id='word_1_179' title='bbox 215 2532 252 2592; x_wconf 93' lang='lat' dir='ltr'>de</span> <span class='ocrx_word' id='word_1_180' title='bbox 275 2531 404 2592; x_wconf 77' lang='lat' dir='ltr'>Gracchi</span> <span class='ocrx_word' id='word_1_181' title='bbox 425 2531 530 2592; x_wconf 73' lang='lat' dir='ltr'>fistula</span> <span class='ocrx_word' id='word_1_182' title='bbox 554 2532 747 2593; x_wconf 89' lang='lat' dir='ltr'>contionaria.</span> 
     </span>
    </p>

    <p class='ocr_par' dir='ltr' id='par_1_9' title="bbox 86 2619 1108 3123">
     <span class='ocr_line' id='line_1_28' title="bbox 152 2619 1108 2698; baseline 0 -18"><span class='ocrx_word' id='word_1_183' title='bbox 152 2621 219 2680; x_wconf 91' lang='lat' dir='ltr'>XII.</span> <span class='ocrx_word' id='word_1_184' title='bbox 252 2620 346 2698; x_wconf 81' lang='lat' dir='ltr'>Virgo</span> <span class='ocrx_word' id='word_1_185' title='bbox 364 2620 476 2681; x_wconf 89' lang='lat' dir='ltr'>Vestae</span> <span class='ocrx_word' id='word_1_186' title='bbox 499 2620 574 2698; x_wconf 89' lang='lat' dir='ltr'>quid</span> <span class='ocrx_word' id='word_1_187' title='bbox 596 2621 705 2681; x_wconf 89' lang='lat' dir='ltr'>aetatis</span> <span class='ocrx_word' id='word_1_188' title='bbox 724 2623 756 2680; x_wconf 90' lang='lat' dir='ltr'>et</span> <span class='ocrx_word' id='word_1_189' title='bbox 777 2638 814 2681; x_wconf 87' lang='lat' dir='ltr'>ex</span> <span class='ocrx_word' id='word_1_190' title='bbox 832 2620 917 2698; x_wconf 89' lang='lat' dir='ltr'>quali</span> <span class='ocrx_word' id='word_1_191' title='bbox 938 2619 1056 2679; x_wconf 89' lang='lat' dir='ltr'>familia</span> <span class='ocrx_word' id='word_1_192' title='bbox 1075 2624 1108 2680; x_wconf 91' lang='lat' dir='ltr'>et</span> 
     </span>
     <span class='ocr_line' id='line_1_29' title="bbox 87 2707 1107 2787; baseline 0 -18"><span class='ocrx_word' id='word_1_193' title='bbox 87 2729 146 2786; x_wconf 89' lang='lat' dir='ltr'>quo</span> <span class='ocrx_word' id='word_1_194' title='bbox 174 2710 236 2769; x_wconf 91' lang='lat' dir='ltr'>ritu</span> <span class='ocrx_word' id='word_1_195' title='bbox 267 2707 436 2786; x_wconf 89' lang='lat' dir='ltr'>quibusque</span> <span class='ocrx_word' id='word_1_196' title='bbox 468 2709 658 2770; x_wconf 88' lang='lat' dir='ltr'>caerimoniis</span> <span class='ocrx_word' id='word_1_197' title='bbox 690 2711 721 2769; x_wconf 92' lang='lat' dir='ltr'>et</span> <span class='ocrx_word' id='word_1_198' title='bbox 751 2707 949 2787; x_wconf 81' lang='lat' dir='ltr'>religionibus</span> <span class='ocrx_word' id='word_1_199' title='bbox 982 2726 1016 2767; x_wconf 92' lang='lat' dir='ltr'>ac</span> <span class='ocrx_word' id='word_1_200' title='bbox 1044 2728 1107 2785; x_wconf 89' lang='lat' dir='ltr'>qno</span> 
     </span>
     <span class='ocr_line' id='line_1_30' title="bbox 86 2796 1107 2875; baseline -0.001 -17"><span class='ocrx_word' id='word_1_201' title='bbox 86 2797 206 2858; x_wconf 90' lang='lat' dir='ltr'>nomine</span> <span class='ocrx_word' id='word_1_202' title='bbox 234 2817 252 2857; x_wconf 92' lang='lat' dir='ltr'>a</span> <span class='ocrx_word' id='word_1_203' title='bbox 280 2797 422 2873; x_wconf 88' lang='lat' dir='ltr'>pontifice</span> <span class='ocrx_word' id='word_1_204' title='bbox 450 2798 580 2859; x_wconf 84' lang='lat' dir='ltr'>maximo</span> <span class='ocrx_word' id='word_1_205' title='bbox 608 2799 748 2875; x_wconf 89' lang='lat' dir='ltr'>capiatur</span> <span class='ocrx_word' id='word_1_206' title='bbox 774 2800 806 2858; x_wconf 89' lang='lat' dir='ltr'>et</span> <span class='ocrx_word' id='word_1_207' title='bbox 828 2816 888 2874; x_wconf 93' lang='lat' dir='ltr'>quo</span> <span class='ocrx_word' id='word_1_208' title='bbox 911 2796 1016 2856; x_wconf 90' lang='lat' dir='ltr'>statim</span> <span class='ocrx_word' id='word_1_209' title='bbox 1038 2797 1107 2857; x_wconf 90' lang='lat' dir='ltr'>iure</span> 
     </span>
     <span class='ocr_line' id='line_1_31' title="bbox 86 2885 1107 2964; baseline 0 -18"><span class='ocrx_word' id='word_1_210' title='bbox 86 2905 151 2947; x_wconf 94' lang='lat' dir='ltr'>esse</span> <span class='ocrx_word' id='word_1_211' title='bbox 175 2886 301 2962; x_wconf 86' lang='lat' dir='ltr'>incipiat</span> <span class='ocrx_word' id='word_1_212' title='bbox 324 2886 528 2964; x_wconf 89' lang='lat' dir='ltr'>simulatque</span> <span class='ocrx_word' id='word_1_213' title='bbox 557 2891 647 2964; x_wconf 91' lang='lat' dir='ltr'>capta</span> <span class='ocrx_word' id='word_1_214' title='bbox 673 2890 733 2964; x_wconf 82' lang='lat' dir='ltr'>est3</span> <span class='ocrx_word' id='word_1_215' title='bbox 763 2885 916 2963; x_wconf 83' lang='lat' dir='ltr'>qnodque,</span> <span class='ocrx_word' id='word_1_216' title='bbox 943 2888 980 2944; x_wconf 91' lang='lat' dir='ltr'>ut</span> <span class='ocrx_word' id='word_1_217' title='bbox 1002 2885 1107 2946; x_wconf 85' lang='lat' dir='ltr'>Labeo</span> 
     </span>
     <span class='ocr_line' id='line_1_32' title="bbox 88 2973 1108 3054; baseline 0 -20"><span class='ocrx_word' id='word_1_218' title='bbox 88 2974 170 3054; x_wconf 83' lang='lat' dir='ltr'>dicit,</span> <span class='ocrx_word' id='word_1_219' title='bbox 193 2993 247 3034; x_wconf 92' lang='lat' dir='ltr'>nec</span> <span class='ocrx_word' id='word_1_220' title='bbox 270 2975 415 3036; x_wconf 87' lang='lat' dir='ltr'>intestato</span> <span class='ocrx_word' id='word_1_221' title='bbox 438 2976 580 3053; x_wconf 85' lang='lat' dir='ltr'>cuiquam</span> <span class='ocrx_word' id='word_1_222' title='bbox 602 2995 656 3037; x_wconf 90' lang='lat' dir='ltr'>nec</span> <span class='ocrx_word' id='word_1_223' title='bbox 677 2976 742 3036; x_wconf 89' lang='lat' dir='ltr'>eius</span> <span class='ocrx_word' id='word_1_224' title='bbox 762 2975 924 3035; x_wconf 88' lang='lat' dir='ltr'>intestatae</span> <span class='ocrx_word' id='word_1_225' title='bbox 943 2973 1108 3051; x_wconf 89' lang='lat' dir='ltr'>qnisquam</span> 
     </span>
     <span class='ocr_line' id='line_1_33' title="bbox 86 3063 343 3123; baseline 0 -1"><span class='ocrx_word' id='word_1_226' title='bbox 86 3064 155 3123; x_wconf 91' lang='lat' dir='ltr'>iure</span> <span class='ocrx_word' id='word_1_227' title='bbox 178 3063 266 3123; x_wconf 88' lang='lat' dir='ltr'>heres</span> <span class='ocrx_word' id='word_1_228' title='bbox 289 3066 343 3123; x_wconf 91' lang='lat' dir='ltr'>est.</span> 
     </span>
    </p>

    <p class='ocr_par' dir='ltr' id='par_1_10' title="bbox 87 3150 1106 3570">
     <span class='ocr_line' id='line_1_34' title="bbox 153 3150 1106 3229; baseline 0 -18"><span class='ocrx_word' id='word_1_229' title='bbox 153 3151 235 3212; x_wconf 87' lang='lat' dir='ltr'>XIII.</span> <span class='ocrx_word' id='word_1_230' title='bbox 269 3151 446 3223; x_wconf 82' lang='lat' dir='ltr'>Quaesitum</span> <span class='ocrx_word' id='word_1_231' title='bbox 473 3172 538 3214; x_wconf 91' lang='lat' dir='ltr'>esse</span> <span class='ocrx_word' id='word_1_232' title='bbox 564 3154 597 3213; x_wconf 94' lang='lat' dir='ltr'>in</span> <span class='ocrx_word' id='word_1_233' title='bbox 624 3151 828 3229; x_wconf 81' lang='lat' dir='ltr'>philosophia,</span> <span class='ocrx_word' id='word_1_234' title='bbox 858 3150 1003 3228; x_wconf 88' lang='lat' dir='ltr'>quidnam</span> <span class='ocrx_word' id='word_1_235' title='bbox 1025 3151 1106 3211; x_wconf 84' lang='lat' dir='ltr'>feret</span> 
     </span>
     <span class='ocr_line' id='line_1_35' title="bbox 87 3239 1106 3321; baseline -0.002 -21"><span class='ocrx_word' id='word_1_236' title='bbox 87 3239 119 3300; x_wconf 93' lang='lat' dir='ltr'>in</span> <span class='ocrx_word' id='word_1_237' title='bbox 137 3243 259 3317; x_wconf 88' lang='lat' dir='ltr'>recepto</span> <span class='ocrx_word' id='word_1_238' title='bbox 276 3241 419 3302; x_wconf 91' lang='lat' dir='ltr'>mandato</span> <span class='ocrx_word' id='word_1_239' title='bbox 437 3242 558 3321; x_wconf 82' lang='lat' dir='ltr'>rectius,</span> <span class='ocrx_word' id='word_1_240' title='bbox 577 3242 646 3302; x_wconf 93' lang='lat' dir='ltr'>idne</span> <span class='ocrx_word' id='word_1_241' title='bbox 665 3241 784 3301; x_wconf 90' lang='lat' dir='ltr'>omnino</span> <span class='ocrx_word' id='word_1_242' title='bbox 803 3241 901 3301; x_wconf 88' lang='lat' dir='ltr'>facere</span> <span class='ocrx_word' id='word_1_243' title='bbox 921 3239 1002 3317; x_wconf 90' lang='lat' dir='ltr'>quod</span> <span class='ocrx_word' id='word_1_244' title='bbox 1020 3258 1106 3299; x_wconf 91' lang='lat' dir='ltr'>man-</span> 
     </span>
     <span class='ocr_line' id='line_1_36' title="bbox 88 3328 1106 3409; baseline -0.002 -18"><span class='ocrx_word' id='word_1_245' title='bbox 88 3328 194 3391; x_wconf 85' lang='lat' dir='ltr'>datum</span> <span class='ocrx_word' id='word_1_246' title='bbox 217 3332 272 3408; x_wconf 87' lang='lat' dir='ltr'>est,</span> <span class='ocrx_word' id='word_1_247' title='bbox 296 3349 335 3389; x_wconf 92' lang='lat' dir='ltr'>an</span> <span class='ocrx_word' id='word_1_248' title='bbox 357 3350 583 3409; x_wconf 90' lang='lat' dir='ltr'>nonnumquam</span> <span class='ocrx_word' id='word_1_249' title='bbox 603 3330 696 3391; x_wconf 90' lang='lat' dir='ltr'>etiam</span> <span class='ocrx_word' id='word_1_250' title='bbox 715 3332 828 3408; x_wconf 88' lang='lat' dir='ltr'>contra,</span> <span class='ocrx_word' id='word_1_251' title='bbox 852 3329 878 3391; x_wconf 91' lang='lat' dir='ltr'>si</span> <span class='ocrx_word' id='word_1_252' title='bbox 900 3329 932 3389; x_wconf 94' lang='lat' dir='ltr'>id</span> <span class='ocrx_word' id='word_1_253' title='bbox 955 3346 1057 3404; x_wconf 90' lang='lat' dir='ltr'>speres</span> <span class='ocrx_word' id='word_1_254' title='bbox 1077 3330 1106 3389; x_wconf 89' lang='lat' dir='ltr'>ei</span> 
     </span>
     <span class='ocr_line' id='line_1_37' title="bbox 88 3417 1104 3497; baseline 0.002 -21"><span class='ocrx_word' id='word_1_255' title='bbox 88 3418 141 3496; x_wconf 90' lang='lat' dir='ltr'>qui</span> <span class='ocrx_word' id='word_1_256' title='bbox 163 3419 319 3480; x_wconf 79' lang='lat' dir='ltr'>mandavit</span> <span class='ocrx_word' id='word_1_257' title='bbox 340 3421 449 3480; x_wconf 90' lang='lat' dir='ltr'>utilius</span> <span class='ocrx_word' id='word_1_258' title='bbox 471 3420 549 3497; x_wconf 81' lang='lat' dir='ltr'>fore3</span> <span class='ocrx_word' id='word_1_259' title='bbox 577 3438 727 3496; x_wconf 89' lang='lat' dir='ltr'>superque</span> <span class='ocrx_word' id='word_1_260' title='bbox 756 3437 793 3478; x_wconf 86' lang='lat' dir='ltr'>ea</span> <span class='ocrx_word' id='word_1_261' title='bbox 814 3417 990 3497; x_wconf 87' lang='lat' dir='ltr'>quaestione</span> <span class='ocrx_word' id='word_1_262' title='bbox 1014 3437 1104 3494; x_wconf 88' lang='lat' dir='ltr'>expo-</span> 
     </span>
     <span class='ocr_line' id='line_1_38' title="bbox 89 3507 523 3570; baseline 0.002 -2"><span class='ocrx_word' id='word_1_263' title='bbox 89 3507 164 3568; x_wconf 85' lang='lat' dir='ltr'>sitae</span> <span class='ocrx_word' id='word_1_264' title='bbox 189 3508 324 3569; x_wconf 85' lang='lat' dir='ltr'>divereee</span> <span class='ocrx_word' id='word_1_265' title='bbox 347 3509 523 3570; x_wconf 91' lang='lat' dir='ltr'>sententiae.</span> 
     </span>
    </p>
   </div>
   <div class='ocr_carea' id='block_1_3' title="bbox 0 0 1202 3886">
    <p class='ocr_par' dir='ltr' id='par_1_11' title="bbox 0 0 1202 3886">
     <span class='ocr_line' id='line_1_39' title="bbox 0 0 1202 3886; baseline 0 0"><span class='ocrx_word' id='word_1_266' title='bbox 0 0 1202 3886; x_wconf 95' lang='lat' dir='ltr'> </span> 
     </span>
    </p>
   </div>
  </div>
 </body>
</html>
