2392 3886
129 135 151 200 2
535 132 741 189 PRAEFATIO

130 302 163 363 et
182 296 274 381 quasi
289 296 518 362 confusaneam
533 293 714 362 doctrinam
728 295 1000 381 conquisiverant,
1018 317 1057 361 eo
1070 296 1149 361 titu-

128 387 179 451 los
190 406 318 470 quoque
333 385 374 450 ad
383 407 455 451 eam
466 385 661 451 sententiam
671 384 943 469 exquisitissimos
952 384 1147 450 indiderunt.

103 473 279 558 sNamque
303 474 359 538 alii
382 473 576 539 Musarum
598 473 844 558 inscripserant,
867 472 923 538 alii
947 472 1148 560 silvarum,

129 563 185 627 ille
212 559 378 645 πέπλον,
406 563 460 629 1116
485 557 718 646 Ἀμαλθείας
744 560 885 657 κέρας,
904 561 988 626 alius
1014 564 1110 648 αηρί
1112 587 1148 645 α,

128 651 471 753 ρ611111161μῶνας,
486 650 618 735 quidam
631 649 816 715 lectionis
832 672 936 736 suae,
950 650 1033 715 alius
1048 651 1148 715 anti·
1171 665 1186 707 ⁵

130 762 289 825 quarum
316 738 530 805 lectionum
557 742 654 822 atque
678 737 760 804 alius
769 737 984 840 ἀνθηρῶν
1005 743 1039 803 61
1066 740 1148 804 11611

104 829 213 900 ralius
228 828 467 913 εὑρημάτων.
503 825 586 893 Sunt
599 826 1149 930 etiamm,qu1'ldqvoo9'mscripse-

129 918 210 1003 rint,
242 921 318 982 sunt
351 917 445 1026 item,
477 916 533 1000 qui
566 926 822 1003 στρωματεῖς,
856 920 933 980 sunt
966 916 1060 1001 adeo,
1091 917 1146 1001 qui

128 969 348 1081 πανὸέκνας
370 1002 609 1070 611Ε1ιαῶνα
631 1008 665 1069 61
687 1007 943 1088 προβλήματα
965 1009 999 1069 61
1021 1003 1147 1089 ἐγχει-

102 1095 238 1179 sordeo
261 1098 294 1158 ct
315 1091 591 1179 παραξιφίδας
637 1092 699 1158 Est
684 1093 778 1176 tqui
801 1093 1044 1158 memoriales
1069 1094 1147 1158 tutu
1158 1108 1181 1151 1

128 1184 197 1248 lum
214 1182 338 1268 fecerit,
360 1186 410 1246 est
434 1181 490 1265 qui
512 1183 760 1265 πραγματικαὶ
783 1185 816 1246 61
833 1181 1009 1267 πάρεργα
1031 1186 1066 1246 61
1089 1182 1147 1247 dc-

129 1271 362 1353 δασκαλικά,
390 1274 441 1335 661
462 1269 543 1334 item
566 1270 622 1353 qui
644 1269 837 1335 historiae
859 1270 1069 1356 naturalis,
1097 1275 1147 1334 est

128 1360 382 1442 παντοδαπῆς
410 1358 604 1442 ἱστορίας,
632 1363 683 1422 661
704 1364 873 1443 praeterea
896 1358 952 1443 qui
978 1363 1146 1444 pratum,

114 1453 179 1514 'est
205 1448 319 1513 itidem
343 1445 399 1531 qui
421 1448 667 1531 πάγκαρπον,
696 1451 746 1511 661
769 1447 825 1530 qui
848 1449 976 1512 τόπων
1001 1447 1144 1533 scripsit3

103 1542 207 1609 661111
233 1537 313 1601 item
335 1535 446 1621 multi,
473 1534 529 1619 qui
553 1534 819 1637 coniectanea,
844 1556 949 1619 neque
976 1535 1056 1601 item
1079 1557 1145 1600 non

129 1630 215 1711 sunt,
238 1647 294 1709 qm
284 1624 435 1690 indices
458 1623 551 1689 libris
571 1624 638 1688 suis
657 1623 794 1690 fecerint
812 1629 869 1689 aut
888 1624 1146 1726 epistularum

109 1714 332 1780 moralium
366 1718 423 1778 aut
453 1712 752 1814 epistolicarum
784 1713 1057 1816 quaestionum
1089 1718 1146 1784 aut

129 1803 377 1870 confusarum
405 1807 438 1868 61
460 1802 619 1886 quaedam
642 1801 708 1866 alia
729 1801 887 1887 inscripta
912 1801 1010 1867 nimis
1038 1802 1146 1887 lepida

86 1915 119 1964 10
129 1892 213 1958 mult
198 1897 313 1976 tasque
326 1913 478 1977 prorsum
497 1889 1149 1976 66161111161661616161116.11661616,

127 1986 166 2046 ut
189 1985 303 2066 captus
322 1984 435 2044 noster
457 1978 548 2064 661,
538 1978 753 2045 mcun'oseet
738 1979 911 2045 tinmedit
896 1983 964 2045 tate
988 1999 1026 2045 ac
1043 2000 1145 2065 prope

129 2069 228 2134 etiam
252 2067 434 2133 subrustice
457 2089 497 2132 ex
518 2067 591 2152 ipso
614 2067 687 2133 loco
707 2090 744 2134 ac
767 2072 913 2154 tempore
935 2067 1158 2133 hibernarum.

128 2157 314 2244 vigiliarum
336 2154 493 2221 Atticas
521 2159 656 2221 noctes
679 2156 919 2242 inscripsimus,
944 2161 1074 2222 tantum
1098 2179 1148 2222 ce·

58 2322 61 2329 Δ
128 2245 207 2311 teris
232 2244 383 2310 omnibus
406 2244 442 2308 in
462 2244 567 2328 ipsius
587 2266 716 2330 quoque
733 2245 956 2331 inscriptionis
978 2244 1073 2311 laude
1097 2267 1147 2311 ce-

129 2335 251 2418 dentes,
265 2337 424 2417 quantum
433 2333 590 2398 cessimus
603 2333 639 2398 in
649 2356 726 2400 cura
735 2338 769 2398 et
778 2334 941 2420 elegantia
949 2334 1145 2419 scriptionis.

85 2446 116 2494 11
197 2421 260 2488 Sed
282 2443 323 2487 ne
346 2421 519 2487 consilium
542 2422 671 2506 quidem
693 2423 729 2487 in
751 2423 958 2508 excerpendis
980 2423 1146 2487 notandis·

129 2533 191 2596 que
214 2511 312 2576 rebus
330 2510 417 2576 idem
435 2510 526 2596 mihi,
549 2511 636 2594 quod
654 2511 816 2596 plerisque
839 2511 916 2597 illis,
937 2510 1009 2576 fuit.
1046 2509 1146 2576 Nam·

129 2622 191 2685 que
210 2599 259 2664 illi
279 2621 390 2664 omnes
410 2604 569 2664 eteorum
588 2600 727 2665 maxime
743 2599 868 2685 Graeci,
886 2600 990 2665 multa
1004 2605 1037 2664 et
1054 2601 1147 2666 varia

127 2688 328 2773 lectitantes,
353 2687 390 2752 in
412 2710 493 2772 quas
515 2709 567 2752 res
591 2710 728 2772 cumque
750 2688 944 2774 inciderant,
972 2687 1081 2774 ‘alba’,
1108 2694 1146 2754 ut

129 2777 208 2844 dicit
193 2782 257 2863 tur,
279 2776 388 2842 ‘linea'
407 2776 476 2842 6116
500 2798 577 2842 cura
596 2776 791 2842 discriminis
811 2778 914 2842 sclam
933 2777 1061 2879 copiam
1080 2799 1147 2843 scc-

128 2866 191 2932 tati
209 2829 452 2951 coirrerrebant,
470 2865 611 2949 quibus
601 2888 637 2930 m
653 2865 799 2953 legendis
818 2870 894 2931 ante
907 2866 1035 2930 animus
1054 2867 1146 2932 senio
1188 2890 1192 2899 ·

112 2977 167 3020 .ac
190 2955 298 3021 taedio
320 2917 490 3041 langueiit
513 2976 611 3038 quam
633 2977 734 3019 unum
757 2954 935 3020 alterumve
958 2956 1158 3043 reppererit,

129 3045 216 3130 quod
248 3044 292 3108 611
319 3047 376 3109 aut
402 3042 565 3128 voluptati
592 3043 699 3130 legere
727 3048 784 3109 aut
811 3043 913 3109 cultui
940 3042 1059 3130 legisse
1089 3049 1149 3110 aut

84 3131 203 3204 16116111
232 3131 426 3198 meminisse.
472 3132 546 3218 Ego
577 3153 668 3217 vero,
700 3154 774 3198 cum
805 3132 886 3196 illud
915 3132 1051 3217 Ephesii
1083 3133 1154 3197 viri

129 3243 254 3286 summe
281 3220 401 3285 nobilis
424 3220 560 3286 verbum
581 3184 671 3286 cordi
693 3221 861 3306 haberem,
889 3221 975 3305 quod
996 3219 1149 3305 profecto

128 3310 176 3375 ita
194 3315 245 3374 est
263 3309 504 3394 πολυμαθίη
523 3311 620 3375 νόον
639 3333 684 3375 ου
672 3309 895 3375 'dedoceas'
897 3358 907 3393 ,
925 3309 996 3394 ipse
1015 3309 1151 3394 quidem

128 3398 294 3463 volvendis
314 3398 583 3482 transeundisque
602 3397 714 3464 multis
734 3398 907 3464 admodum
925 3398 1150 3465 voluminibus

125 3509 187 3572 per
216 3486 325 3552 omnia
355 3509 482 3572 semper
510 3487 718 3574 negotiorum
746 3487 931 3574 intervalla,
959 3487 995 3551 in
1025 3486 1149 3570 quibus
