2392 3886
517 132 551 188 Il.
569 150 618 187 ιιι.
635 150 693 189 xm.
1069 134 1112 199 93

91 301 132 362 ut
155 318 233 362 cum
256 295 337 360 socii
360 295 465 382 partis
488 316 636 361 seorsum
658 296 829 380 utriusque
851 296 974 363 fuerint
992 319 1112 383 eaeque

89 390 205 472 partes
229 385 271 452 ab
294 383 356 470 his,
379 388 417 449 ut
440 384 574 450 maioris
597 384 805 450 auctoritatis
827 385 915 470 viris,
938 387 1113 473 temperari

92 497 131 540 ac
150 474 223 628 rqlgii
238 473 415 576 coeperint,
428 473 673 628 ctonpordiatper
687 496 742 539 eos
756 474 966 627 potpssimum
982 476 1113 630 reqtitui

62 585 179 740 ,tlt
206 583 809 736 tttblltlattutttlt
842 584 1114 739 ,tuimet

91 741 233 829 cupiunt
256 763 355 825 quam
379 739 534 825 perditos.

160 829 236 896 Hoc
266 829 354 894 idem
381 828 599 894 Favorinus
631 827 847 914 philosophus
878 829 966 895 inter
995 829 1141 897 fratrent

91 941 226 1004 quoque
249 922 307 984 aut
330 917 451 983 amicos
476 917 664 983 dissidentis
688 922 839 1003 oportere
861 918 932 984 fieri
951 921 1115 1005 censebat,

92 1013 131 1074 nt
156 1008 214 1092 qui
237 1007 272 1071 in
294 1006 402 1072 medio
430 1011 507 1072 sunt
535 1007 706 1091 utriusque
732 1007 837 1092 partis
860 1008 1004 1074 benivoli
1028 1009 1115 1074 siin

52 1126 80 1167 io
92 1096 269 1164 concordia
291 1094 466 1161 adnitenda
487 1118 605 1181 parum
629 1096 836 1162 auctoritatis
855 1098 949 1182 quasi
968 1097 1114 1185 ambigui

93 1185 193 1252 amici
216 1184 404 1271 habuerint,
435 1190 507 1250 tum
531 1183 626 1250 alteri
648 1185 684 1250 in
707 1185 843 1250 alteram
864 1191 993 1271 partem
1016 1188 1116 1253 disoe-

92 1274 176 1340 dant
199 1296 238 1340 ao
259 1273 375 1360 perid
401 1274 555 1339 meritum
578 1273 666 1339 viam
697 1273 760 1339 sibi
785 1274 825 1339 ad
848 1275 1018 1360 utriusque
1041 1297 1116 1342 con-

93 1362 241 1430 cordiam
260 1362 417 1427 muniant.
441 1361 550 1428 ‘Nunc
568 1367 679 1428 autem
695 1362 854 1449 plerique'
877 1364 986 1448 inquit
1000 1364 1142 1450 ‘partise

93 1452 267 1538 utriusque
295 1450 407 1537 amici,
433 1451 527 1535 quasi
549 1452 652 1538 probe
670 1451 807 1539 faciant,
835 1453 916 1518 duos
945 1452 1115 1541 litigantes

55 1570 80 1612 u
94 1541 281 1607 destituunt
300 1545 333 1606 et
351 1540 539 1624 relinquunt
558 1541 743 1626 deduntque
762 1563 817 1607 eos
838 1541 1003 1608 advocatis
1026 1543 1116 1608 mali-

93 1630 180 1696 volis
199 1634 258 1696 aut
276 1629 393 1715 avaris,
411 1630 467 1713 qui
485 1629 561 1695 lites
580 1630 770 1714 animasque
785 1651 898 1696 eorum
912 1631 1116 1696 inflamment

94 1723 154 1787 aut
178 1718 245 1784 odii
270 1718 379 1784 studio
399 1723 456 1784 aut
475 1717 577 1784 lucri?

562 1930 653 1997 XIII.

94 2051 215 2107 Liberos
238 2050 269 2107 in
290 2050 482 2107 multitudinis
507 2067 624 2107 numero
652 2051 740 2107 etiam
762 2069 849 2107 unum
876 2050 966 2107 filium
994 2050 1117 2107 filiamve

54 2147 83 2189 ω
489 2123 600 2180 veteres
617 2120 730 2179 dixisse.

164 2247 331 2333 Antiqui
361 2254 553 2335 oratores,
581 2249 854 2334 historiaeque
892 2254 949 2317 aut
981 2251 1144 2319 carmi-1

93 2360 186 2403 num
210 2337 427 2423 scriptores
450 2339 551 2404 etiam
569 2360 671 2403 unum
688 2339 793 2404 filium
811 2340 954 2405 filiamve
973 2338 1118 2405 ‘liberos’

94 2426 321 2493 multitudinis
342 2448 478 2493 numero
502 2428 716 2512 appellarunt.
761 2427 863 2513 quue
886 2450 957 2515 nos,
980 2451 1054 2494 cum
1076 2427 1145 2496 ins

94 2515 357 2600 complurium
386 2521 560 2582 veterum
593 2516 706 2581 libris
736 2517 895 2603 seriptum
922 2516 1119 2601 aliquotiens

56 2624 83 2666 se
95 2604 344 2691 adverterimus,
361 2627 446 2670 nunc
461 2627 590 2691 quoque
604 2606 645 2670 in
657 2605 760 2671 libro
776 2605 995 2692 Sempronii
1010 2604 1119 2670 Asel-

94 2693 219 2759 lionis
247 2714 375 2759 rerum
406 2699 603 2781 gestarum
634 2694 772 2779 quinto
799 2695 848 2761 ita
875 2717 946 2760 esse
973 2694 1119 2780 positum

95 2782 303 2849 offendimus.
340 2782 374 2848 Is
399 2782 551 2849 Asellio
576 2784 636 2849 sub
660 2783 696 2848 P.
716 2781 868 2870 Scipione
886 2783 1043 2849 Africam
1062 2782 1145 2852 tri-s

95 2873 206 2937 hunus
228 2871 374 2937 militum
397 2872 439 2937 ad
457 2871 673 2938 Numantiam
695 2872 761 2939 fuit
778 2894 894 2957 resque
915 2895 979 2958 eas,
998 2872 1117 2955 quibus

59 3067 85 3109 a
97 2960 251 3117 genisii
266 2961 757 3136 iidabirdubisindididd,
774 3050 909 3116 senune
928 3050 981 3135 pl,
999 3070 1064 3133 quo
1083 3049 1147 3116 ins

95 3143 246 3225 tempore
269 3138 462 3206 interfectus
485 3140 521 3205 in
540 3137 705 3225 Capitolio
727 3143 788 3225 est,
809 3139 891 3205 haee
910 3143 1001 3204 sunt:
1024 3137 1120 3202 Nam

97 3226 298 3295 Gracchus
318 3229 424 3294 domo
443 3251 527 3295 oum
545 3228 897 3315 proficiscebatur,
915 3248 1120 3310 numquam

96 3316 226 3383 minus
254 3321 366 3383 terna
393 3322 460 3383 aut
489 3323 679 3403 quaterne
706 3317 816 3383 milia
843 3317 1041 3382 hominum
1064 3336 1120 3379 se-

96 3406 331 3491 quebantur.
363 3406 473 3491 Atque
495 3407 571 3472 inde
594 3406 681 3472 infra
704 3408 742 3472 de
766 3406 880 3472 eodem
900 3404 1048 3471 Graccho
1071 3403 1146 3470 itae

10 3564 17 3573 ,
59 3492 245 3583 scripsit:
268 3492 389 3562 Orare
407 3496 554 3582 coepit,
576 3496 616 3562 id
639 3495 792 3580 quidem
814 3499 857 3560 ut
880 3517 919 3560 se
942 3492 1121 3559 defende·
