2392 3886
549 139 596 196 W·
615 158 633 196 1·
651 160 681 196 u·
1057 140 1121 207 1⁶1

169 304 343 369 Praeterea
365 303 404 368 dc
422 324 509 388 penu
527 303 776 369 adscribendum
798 302 861 368 hoc
878 303 979 369 etiarn
1000 305 1171 390 pacasino

101 393 282 460 Servium
312 391 531 478 Sulpicium
561 393 602 457 in
631 391 882 477 reprehensis
912 390 1123 459 Scaevolae

101 482 306 568 capitibus
325 481 505 567 scripsisse,
522 479 618 547 Cato
637 480 751 546 Aelio
768 481 939 566 placuisse,
955 503 1023 546 non
1042 504 1124 568 qnae

101 571 175 637 esui
193 575 228 636 eb
243 571 337 656 potui
355 569 474 655 forent,
495 571 554 637 sed
570 570 648 635 ihus
662 591 790 656 quoque
809 574 843 634 eb
861 590 971 635 cereos
989 570 1025 634 in
1037 593 1124 656 penu

71 677 189 745 sense,
220 660 308 745 quod
335 664 424 724 esset
453 659 523 724 eius
554 658 656 724 ferme
685 659 733 724 rei
763 681 862 724 causa
890 664 1123 744 comparatum.

101 749 299 820 Masurius
313 753 424 813 autern
439 746 607 813 Sabinus
621 748 662 812 in
674 748 774 812 iuris
789 747 921 813 civilis
936 749 1165 833 secundo,21

102 838 203 903 eiiam
227 837 314 922 quod
339 837 559 902 iumentorum
583 859 681 902 causa
709 842 902 922 opparalum
925 842 1025 921 essel,
1053 837 1121 923 qui·

103 928 165 991 bus
188 926 338 991 dominus
356 930 513 1011 uteretur,
534 926 649 1010 penori
672 925 869 991 adtributum
891 925 979 991 dieis
1016 924 1124 1014 Ligna
1132 930 1167 979 Ὦ

105 1036 234 1100 qnoque
247 1019 282 1080 et
294 1015 404 1101 virgas
419 1018 453 1080 et
466 1015 634 1100 carbones,
652 1015 770 1100 quibus
784 1015 999 1081 conficeretur
1011 1036 1125 1101 penus,

62 1119 91 1161 1⁰
104 1104 299 1188 quibusdem
327 1104 376 1168 sil
404 1104 506 1169 videri
536 1125 606 1168 esse
635 1104 671 1168 in
699 1125 794 1188 penu.
839 1103 892 1169 nx
921 1104 973 1169 his
1003 1107 1166 1188 autemus

103 1215 188 1277 quse
208 1192 424 1277 promercalia
450 1198 484 1258 et
510 1193 642 1258 usuaria
669 1193 773 1257 isdem
802 1193 838 1258 in
866 1192 948 1259 locis
977 1194 1125 1277 [essenl],

102 1303 175 1347 esse
197 1303 236 1346 es
259 1281 330 1346 solu
346 1282 478 1366 penoris
496 1285 602 1368 putat,
625 1303 707 1366 quae
731 1282 812 1348 sabis
831 1281 899 1348 sint
920 1303 983 1348 usn
1006 1303 1123 1347 annuo.

594 1508 637 1577 11.

102 1631 217 1688 Morbus
232 1636 262 1688 eb
273 1632 377 1688 vitium
390 1632 460 1701 quid
474 1631 601 1699 differam
620 1634 650 1687 et
664 1648 751 1700 quum
764 1631 824 1688 vim
841 1631 968 1686 babeant
982 1630 1124 1687 vocabula

62 1702 88 1743 ¹⁵
138 1705 196 1758 isba
212 1703 244 1758 in
262 1702 355 1759 edicto
376 1702 524 1771 aedilium
543 1705 574 1757 et
592 1719 629 1756 an
647 1701 791 1757 eunuchus
811 1704 840 1757 et
859 1701 971 1756 steriles
989 1701 1123 1757 mulieres

76 1806 78 1810 ν
138 1773 276 1830 rcthrberi
292 1772 416 1846 possint;
435 1773 621 1842 diversaeque
641 1789 725 1843 super
743 1789 778 1828 ea
795 1789 825 1826 re
845 1772 1011 1827 sententiae.

169 1901 214 1965 ln
244 1902 375 1966 edicto
405 1900 593 1965 aedilium
625 1900 833 1985 curulium,
870 1920 935 1985 qna
956 1903 1049 1985 parba
1082 1900 1121 1964 de
1152 1922 1166 1970 1

102 1989 275 2075 mancipiis
304 1989 484 2054 vendundis
516 1994 648 2055 cautum
680 1993 747 2075 est,
779 1989 939 2074 scriptum
970 1987 1018 2054 sic
1048 1987 1125 2054 fuit:

103 2078 263 2144 Titulus
292 2075 568 2165 (scriptorum)
596 2078 848 2165 singulorum
872 2077 1045 2163 scriptus
1073 2077 1126 2143 sit

61 2189 90 2229 so
104 2171 242 2232 curabo
254 2167 328 2252 iia,
346 2170 389 2232 ub
406 2166 589 2253 intellegi
606 2172 712 2232 recle
725 2167 873 2253 possit,
890 2166 982 2252 quid
999 2167 1125 2232 morbi

102 2256 243 2321 vitiive
276 2256 416 2340 cuique
449 2255 518 2340 sil,
554 2255 642 2341 quis
672 2255 868 2342 fugitivus
901 2277 1040 2320 errove
1073 2255 1127 2320 sil

102 2366 251 2409 noxave
275 2344 431 2409 solutus
452 2363 529 2408 non
551 2344 612 2409 sib

169 2431 348 2518 Propterea
357 2431 566 2517 quaesierunt
577 2432 848 2498 iureconsulti
858 2437 1026 2516 celeres,
1040 2432 1127 2517 quod
1153 2443 1169 2492 2

105 2520 317 2605 ‘mancipium
339 2519 542 2584 morbosum'
574 2521 700 2605 quodve
725 2518 904 2586 ‘vitiosum'
927 2525 1015 2585 recte
1044 2520 1126 2586 dice

61 2614 194 2673 seretur
224 2613 445 2694 quantumque
469 2607 626 2674 ‘morbus'
655 2630 676 2673 a
702 2607 807 2673 ‘vitio’
837 2608 990 2674 differret.
1035 2605 1126 2673 Ose-
1154 2620 1170 2669 3

102 2698 179 2762 lius
204 2695 372 2762 Sabinus
394 2696 435 2761 in
456 2697 576 2782 libro,
600 2718 696 2783 quom
719 2696 763 2761 de
786 2697 919 2761 edicto
942 2697 1127 2762 aedilium

103 2786 296 2852 curulium
326 2785 523 2871 composuit,
545 2785 763 2851 Labeonem
791 2785 906 2869 rofam,
934 2784 1012 2868 quid
1039 2789 1127 2850 esset

104 2874 272 2958 ‘morbus'‚
299 2874 390 2939 hisce
415 2875 523 2939 verbis
547 2874 711 2939 definisse:
743 2873 903 2938 Morbus
929 2877 991 2937 cst
1018 2873 1127 2939 habi-

103 2967 166 3028 tus
209 2963 398 3046 cuiusque
436 2961 618 3047 corporis
655 2967 794 3027 contra
827 2965 1025 3046 naturam,
1062 2963 1126 3048 qui

61 3071 212 3117 sonsum
234 3051 319 3116 cius
342 3051 442 3116 facil
465 3051 711 3116 deteriorem.
757 3047 822 3116 Sed
845 3049 1019 3115 ‘morbum’
1043 3050 1124 3116 alias
1152 3065 1170 3111 4

101 3142 138 3204 in
159 3145 232 3204 tolo
256 3161 391 3225 corpore
415 3139 560 3206 accidere
583 3140 672 3223 dicii,
695 3137 776 3203 alias
798 3139 835 3202 in
851 3142 945 3224 parba
969 3140 1124 3224 corporis.

101 3229 218 3293 Totins
241 3229 387 3315 corporis
411 3227 586 3294 ‘morbum’
610 3249 691 3313 esse,
712 3226 814 3292 veluti
838 3227 882 3292 sit
900 3226 1043 3312 phthisis
1067 3233 1125 3294 sub

102 3318 218 3402 febris,
240 3318 344 3403 puetis
368 3322 493 3403 aulem,
522 3316 625 3381 veluli
648 3315 692 3381 sit
715 3316 854 3382 caecitas
878 3320 936 3380 cub
958 3317 1049 3401 pedis
1073 3317 1124 3382 de

103 3406 223 3471 bilibus.
270 3406 415 3472 Balbus
440 3411 581 3491 autem,
605 3404 729 3490 inquil,
756 3410 796 3470 cl
819 3409 960 3489 atypus
983 3402 1124 3470 vitiosi
1153 3417 1169 3465 5

63 3495 228 3580 ansgis
260 3517 371 3580 quam
401 3494 574 3560 morbosi
606 3498 712 3578 suni,
744 3498 784 3559 eb
812 3514 934 3577 equus
963 3494 1124 3559 mordax
