2392 3886
85 156 129 224 20
431 152 763 212 connumerem.
823 216 825 221 ,

152 325 206 384 ΠΙ.
230 324 372 400 Epistula
384 323 518 400 Philippi
532 323 612 402 regis
627 322 665 383 ad
679 323 876 384 Aristotelem
889 322 1108 400 philosophum

86 432 177 490 super
199 411 370 472 Alexandro
392 429 495 471 reeens
517 416 597 472 nato.

152 503 204 563 IV.
245 501 291 560 De
323 501 520 561 barbararum
554 499 691 578 gentium
722 500 903 580 prodigiosis
934 500 1106 579 miraculis,

86 591 182 669 deque
210 590 284 650 diris
312 593 343 648 et
370 589 505 649 exitiosis
528 589 818 671 effascinationibus,
845 593 937 668 atque
965 590 1042 651 inibi
1069 590 1106 651 de

86 679 206 740 feminis
228 681 352 756 repente
374 677 469 738 versis
491 678 524 736 in
545 696 651 739 mares.

152 768 189 827 V.
230 769 375 828 Diversae
408 766 556 826 nobilium
586 766 835 843 philosophorum
867 767 1037 828 sententiae
1069 767 1106 828 de

87 874 196 934 genere
224 874 259 916 ao
287 859 398 915 natura
426 855 607 932 voluptaria
641 855 793 933 verbaque
826 854 976 916 Hieroclis
1007 855 1105 933 philo·

87 945 183 1023 sophi,
207 944 316 1022 quibus
339 943 459 1004 deereta
480 944 605 1019 Epiouri
628 944 794 1004 insectatus
817 947 871 1004 est.

82 1095 87 1103 δ
154 1033 205 1092 VI.
239 1031 385 1109 Verbum,
414 1032 494 1108 quod
522 1036 568 1093 est
595 1032 634 1091 ab
662 1026 743 1110 ‘ago'
772 1033 1044 1113 frequentativum,
1075 1034 1106 1093 in

88 1121 207 1200 syllaba
229 1121 327 1197 prima
350 1138 482 1196 quonam
504 1121 544 1180 sit
566 1120 689 1181 modulo
712 1119 977 1197 pronuntiandum.

155 1210 222 1268 VH.
256 1210 301 1268 De
316 1209 508 1270 conversione
522 1209 665 1269 foliorum
677 1209 710 1268 in
727 1209 833 1270 arbore
848 1210 915 1270 olea
928 1210 1063 1270 brumali
1077 1215 1106 1270 et

88 1297 805 1375 solstitialidie3dequefidibusidtemporisiotu
814 1298 1105 1360 alienosonantibns.

156 1387 237 1446 VIII.
261 1386 426 1446 Necessum
439 1403 512 1467 esse,
527 1386 580 1462 qui
593 1387 691 1447 multa
704 1386 823 1465 habeat,
837 1388 943 1448 multis
957 1388 1105 1466 indigere,

89 1477 185 1554 deque
214 1493 249 1534 ea
278 1494 310 1534 re
333 1475 475 1535 Favorini
503 1475 675 1551 philosophi
701 1494 771 1535 enm
796 1476 946 1537 brevitate
974 1477 1107 1556 eleganti

89 1565 246 1625 sententia.

90 1683 93 1687 ·
156 1653 206 1711 IX.
245 1651 319 1723 Quis
348 1651 455 1712 modus
483 1653 524 1712 sit
550 1645 688 1712 vertendi
714 1653 807 1713 verba
835 1653 868 1712 in
891 1651 1014 1713 Graecis
1041 1673 1106 1715 sen-

89 1742 208 1819 tentiis,
228 1741 325 1819 deque
342 1741 390 1800 his
408 1741 533 1801 Homeri
550 1741 697 1819 versibus,
716 1758 792 1819 quoa
805 1741 960 1820 Vergilius
980 1743 1108 1805 vertisse

90 1835 144 1892 aut
166 1831 241 1891 bene
265 1833 395 1908 apteque
418 1834 473 1890 aut
494 1830 669 1906 inprospere
692 1830 883 1891 existimabis
906 1834 961 1891 est.

156 1919 191 1980 X.
225 1919 313 1991 Quod
340 1919 484 1979 Annaeus
511 1918 663 1978 Cornutus
691 1937 796 1980 versus
824 1918 965 1998 Vergilii,
998 1921 1109 1998 quibus

89 2007 215 2068 Veneris
248 2010 279 2066 et
305 2007 436 2066 Vuloani
464 2006 658 2067 oonoubitum
690 2007 798 2084 pudiea
826 2010 991 2087 operteque
1022 2009 1110 2089 dixit,

89 2095 320 2173 reprehensione
344 2114 454 2171 spuroa
475 2098 507 2155 et
530 2094 634 2156 odiosa
655 2095 834 2173 inquinavit.

157 2184 209 2244 XI.
241 2184 288 2242 De
309 2183 431 2242 Valerio
455 2182 598 2261 Corvino,
621 2188 652 2243 et
674 2185 755 2244 unde
777 2185 932 2246 Corvinus.
1134 2226 1137 2232 ι

157 2273 223 2332 XII.
252 2273 297 2331 De
311 2271 420 2350 verbis,
439 2291 517 2350 qnae
537 2273 569 2332 in
582 2276 743 2351 utramque
757 2277 876 2351 partem
889 2273 1111 2352 significatione

91 2363 218 2423 adversa
240 2365 272 2421 et
293 2361 446 2436 reciproca
468 2359 618 2421 dieunnu.

158 2450 240 2510 XIII.
282 2449 384 2509 Verba
414 2469 451 2509 er
476 2450 605 2510 historia
635 2449 744 2510 Claudi
770 2449 965 2529 Quadrigari,
998 2453 1111 2529 quibus

90 2540 186 2600 Manli
210 2539 369 2616 Torquati,
397 2539 507 2599 nobilis
530 2539 740 2618 adulescentis,
762 2543 794 2600 et
815 2540 911 2600 hostis
935 2539 1017 2600 Galli
1040 2561 1111 2618 pro·

90 2628 229 2689 vooantis
250 2644 385 2704 pugnam
402 2626 545 2703 depinxit.

158 2716 237 2776 XIV.
274 2715 367 2786 'Quod
393 2716 473 2776 idem
501 2715 720 2794 Quadrigarius
748 2710 851 2777 ‘huius
878 2710 982 2777 faeies’
1010 2720 1112 2794 patrio

92 2823 166 2866 casu
188 2805 281 2882 probe
305 2807 337 2864 et
359 2805 467 2865 Latine
490 2805 579 2881 dixit3
603 2809 634 2865 et
657 2804 805 2883 quaedam
827 2805 889 2865 alia
911 2804 1052 2882 adposita
1075 2807 1112 2868 de

94 2895 239 2954 similium
261 2893 478 2953 vocabulorum
501 2893 760 2953 declinationibus.

159 2982 223 3042 XV.
262 2982 306 3041 De
339 3000 447 3061 genere
480 2982 713 3060 controversiae,
742 2981 822 3060 quod
853 2981 966 3043 Graece
994 2979 1113 3064 ἄπορον

93 3072 273 3148 appellatur.
762 3114 765 3118 ι

159 3159 239 3220 XVI.
263 3157 350 3230 Quod
362 3159 495 3219 Plinium
508 3157 688 3238 Secundum,
706 3177 766 3221 non
779 3159 932 3220 hominem
945 3159 1113 3240 indoctum,

93 3248 208 3326 fugerit
239 3249 424 3326 latueritque
453 3247 564 3310 vitium
592 3248 776 3328 argumenti,
807 3249 889 3326 quod
917 3244 1114 3329 ἀντιστρέφον

94 3336 202 3398 Graeci
225 3337 338 3398 dieunt.
