2392 3886
520 134 554 190 ll
572 151 627 191 ιιι.
1038 135 1083 203 99

531 296 618 362 XIX.

57 418 176 473 Resoire
189 417 309 472 verbum
322 416 391 486 quid
406 417 501 499 sitiet
515 434 600 486 quam
613 417 719 473 habeat
732 435 829 473 veram
843 422 928 488 atque
937 419 1081 490 propriam

447 487 692 558 significationem.

128 614 276 681 Verbum
290 613 432 681 ‘rescire'
448 616 691 682 observavimus
701 615 768 681 vim
781 615 902 682 habere
915 618 1107 702 propriam

31 705 241 791 squandam,
269 724 336 768 non
364 725 402 768 ex
432 705 597 771 communi
630 704 870 792 significatione
900 711 1083 771 ceterorum

58 793 246 879 verborum,
269 791 388 877 quibus
407 792 519 859 eedem
541 792 742 881 praepositio
760 792 955 881 imponitur;
977 815 1082 879 neque

58 887 98 947 ut
122 880 335 966 ‘rescribere',
361 879 528 967 ‘relegere'
565 880 762 948 ‘restituere'
793 904 856 943 *ss
883 882 1083 948 substituere

58 969 210 1055 dicimus,
232 968 502 1035 itidem-dicimus
521 933 687 1055 lrescire'3
708 992 785 1035 nam
805 970 860 1055 qui
879 971 1004 1038 factum
1027 970 1110 1037 ali-2

60 1059 149 1145 quod
164 1057 324 1124 occultius
334 1063 392 1124 eut
405 1058 611 1146 inopinatum
624 1059 889 1145 insperatumque
904 1061 1085 1149 cognoscit,

19 1149 88 1214 rois
112 1147 235 1213 dicitur
255 1146 387 1233 propris
410 1145 569 1213 ‘rescire'.

128 1233 197 1301 Gur
220 1240 330 1301 sutem
351 1235 388 1299 in
409 1235 561 1313 hocuno
585 1236 684 1301 verbo
707 1234 776 1301 ‘re'
798 1237 962 1325 particule
984 1238 1109 1305 huiusr

59 1325 245 1391 sententiae
263 1323 330 1388 vim
351 1322 481 1410 habeat,
504 1322 654 1429 equidem
676 1324 781 1392 adhuc
805 1347 933 1410 quaero.
974 1326 1110 1392 Aliter4

60 1414 149 1479 enim
172 1412 297 1478 dictum
320 1434 391 1477 esse
414 1411 563 1479 ‘rescivi'
582 1418 640 1479 aut
662 1412 813 1479 ‘rescire'
832 1415 919 1500 apud
937 1437 1003 1501 eos,
1026 1415 1082 1501 qui

60 1502 237 1590 diligenter
257 1500 361 1567 locuti
385 1508 471 1587 sunt,
493 1502 638 1567 nondum
656 1502 839 1569 invenimus
863 1525 962 1589 quam
985 1526 1083 1591 super

19 1611 47 1652 ιε
58 1592 89 1657 is
106 1591 217 1677 rebus,
236 1611 318 1694 quae
332 1593 390 1655 aut
405 1590 555 1655 consulto
569 1590 705 1656 consilio
719 1591 877 1656 latuerint
896 1597 954 1658 sut
967 1598 1083 1658 contra

61 1703 154 1766 spem
169 1678 396 1767 opimonemve
406 1700 468 1743 usu
477 1678 634 1766 venerint,
649 1701 846 1764 quamquam
855 1680 964 1765 ipsum
974 1680 1108 1747 ‘seire’o

61 1770 99 1835 de
123 1767 278 1834 omnibus
296 1767 513 1833 communiter
534 1767 632 1833 rebus
652 1767 779 1835 dicetur
797 1769 848 1833 vel
868 1768 1011 1834 adversis
1030 1769 1082 1835 vel

60 1856 227 1943 prosperis
254 1855 307 1920 vel
332 1855 508 1940 insperatis
538 1856 590 1921 vel
613 1856 801 1941 expectatis.
848 1854 1018 1921 Naevius
1045 1859 1107 1923 inss

59 1944 266 2031 Triphallo
287 1944 338 2009 its
360 1943 505 2030 scripsit:

24 2104 48 2144 w
105 2085 203 2170 [Set]
220 2086 262 2152 si
282 2089 461 2170 umquam
485 2085 690 2171 quicquam
716 2044 846 2151 filium
869 2085 1080 2175 resolvero,

103 2176 323 2262 Argentum
346 2174 489 2240 amoris
513 2178 629 2241 causa
652 2196 803 2260 sumpse
827 2180 1013 2262 mutuum,

101 2263 313 2348 Extemplo
335 2262 406 2328 illo
429 2267 467 2327 te
491 2264 639 2349 ducam,
661 2263 728 2328 ubi
750 2285 828 2329 uon
850 2265 1025 2351 despuas.

58 2404 248 2472 claudius
266 2403 547 2495 Quadrigarius
565 2405 606 2470 in
622 2405 746 2491 primo
765 2406 910 2472 annali:
933 2405 1104 2473 Eam-'1

56 2496 144 2562 cani
173 2494 240 2561 ubi
266 2493 525 2580 resciverunt,
556 2493 633 2559 sibi
661 2515 729 2579 per
758 2493 940 2563 fallacias
963 2495 1080 2561 verba

25 2584 150 2657 udaia
168 2604 260 2651 esse.
296 2582 382 2649 Item
401 2581 680 2669 Quadrigarius
702 2582 743 2649 in
765 2582 896 2651 eodem
917 2582 1025 2650 libro'
1042 2583 1104 2649 ine

53 2695 89 2741 rc
117 2671 212 2743 tristi
239 2676 272 2737 et
298 2671 468 2757 inopinata
490 2672 590 2739 verbo
616 2670 683 2739 isto
709 2671 759 2737 ita
785 2672 903 2739 utitur:
940 2671 982 2738 Id
1011 2671 1078 2737 ubi

53 2761 279 2829 rescierunt
291 2759 502 2849 propinqui
522 2758 711 2846 obsidum,
730 2781 824 2845 quos
838 2758 981 2825 Pontio
1000 2764 1078 2826 tra·

53 2850 162 2919 ditos
192 2870 311 2939 supra
338 2848 703 2934 demonstrauimus,
732 2870 864 2915 eorum
892 2853 1075 2933 parentes

53 2962 141 3007 cum
168 2957 239 3024 pro
271 2937 401 3091 imbuis
430 2937 574 3022 capillo
603 2957 719 3022 passo
746 2936 786 3002 in
813 2937 913 3002 viam
939 2949 1076 3022 proto·

10 3029 199 3105 celarunt.
353 3032 417 3093 ato
447 3025 489 3091 in
521 3031 660 3115 quarto
691 3025 896 3113 originum:
928 3025 1102 3092 Deindes

52 3118 233 3184 dictator
262 3114 372 3180 iubet
407 3116 601 3200 postridie
637 3114 869 3201 magistrum
902 3115 1074 3200 equitum

51 3204 219 3274 arcessi:
255 3202 428 3271 ‘mittam
464 3207 516 3288 te,
552 3204 585 3270 si
620 3203 693 3289 vis,
729 3225 812 3269 cum
848 3202 1075 3286 equitibus'.

51 3294 167 3363 ‘Sero
195 3291 281 3378 est,'
308 3291 439 3377 inquit
467 3293 655 3380 magister
682 3291 871 3376 equitum,
899 3291 991 3358 ‘iam
1019 3313 1075 3356 re-

51 3380 232 3452 scircrc’.

880 3591 912 3643 ¹¹1*
