2356 3900
506 147 539 202 ΙΙΙ
559 166 633 203 xxm.
652 169 724 205 mv.
1057 148 1121 214 109

147 304 253 375 Ἀλλ’
280 308 322 375 ἐν
345 302 554 398 ἀκαλύππρν
576 309 640 375 καὶ
663 311 896 399 ταλαιπώρῳ
919 314 991 401 βίῳ

150 401 444 482 Χειμαζόμενος
467 403 524 484 ζῇ,
552 409 629 464 τῶν
651 396 721 484 μὲν
745 398 919 484 ἀνιαρῶν
942 403 1040 484 ἔχων

152 489 205 552 Τὸ
228 485 346 572 μέρος
375 486 576 569 ἁπάντων,
609 491 703 569 [τῶν
724 482 792 641 NJ,
813 488 970 571 ἀγαθῶν
1000 486 1120 555 οὐδὲν

72 687 87 728 s
145 659 258 747 Ὑπὲρ
281 665 356 748 γάρ
379 661 468 740 ἑνὸς
490 664 634 748 ἀλγῶν,
658 600 1045 742 ἀπαάιτάἓςνουθετῶ.

102 803 156 871 Ad
178 804 297 870 horum
320 810 430 871 autem
452 806 673 873 sinceritatem
691 807 927 892 veritatemque
944 808 1163 876 verboruma

102 916 147 959 an
164 894 378 978 adspiraverit
397 892 608 980 Caecilius,
625 894 875 962 consideremus.
900 895 1024 962 Versus
1043 902 1120 962 sunt

101 983 137 1048 hi
161 979 309 1048 Caecili
338 987 454 1049 trunca
484 982 643 1068 quaedam
673 1007 712 1050 ex
741 984 950 1051 Menandro
981 986 1119 1052 dicentis

101 1076 136 1136 st
159 1071 417 1138 consarcinantis
439 1073 539 1159 verba
561 1073 679 1160 tragici
701 1073 856 1139 tumoris:

61 1214 89 1274 io
150 1264 156 1277 .
180 1264 187 1277 .
211 1213 248 1278 Is
272 1213 420 1294 demum
442 1212 713 1280 infortunatus
737 1217 797 1282 est
818 1216 945 1299 homo,

146 1301 298 1389 Pauper
321 1301 386 1386 qui
409 1302 540 1369 educit
562 1300 602 1368 1'11
624 1308 841 1392 egestatem
867 1301 1029 1391 liberos,

147 1387 220 1456 Cui
240 1389 401 1456 fortuna
424 1396 462 1457 et
484 1394 544 1457 res
567 1396 610 1458 ut
632 1397 691 1458 est
714 1393 902 1459 continuo
924 1397 1043 1480 patet.

145 1477 242 1545 Nam
266 1479 452 1566 opulento
475 1480 615 1546 famam
640 1480 759 1547 facile
789 1481 964 1548 occultat
985 1480 1117 1549 factio.

168 1619 295 1706 Itaque,
317 1626 355 1686 ut
373 1643 472 1706 supra
494 1621 576 1707 dixi,
593 1644 668 1689 cum
685 1623 766 1689 haec
784 1620 950 1690 Caecilii
971 1645 1118 1690 seorsum
1127 1641 1161 1692 aa

60 1709 191 1795 relego,
213 1709 405 1794 neutiquam
428 1708 579 1775 videntur
601 1711 732 1798 ingrata
753 1712 946 1798 ignavaque,
967 1734 1041 1778 cum
1064 1735 1118 1778 au-

100 1802 168 1863 tem
191 1795 315 1864 Graeca
338 1820 490 1884 comparo
515 1804 548 1866 et
570 1800 745 1885 contendo,
771 1820 839 1865 non
865 1803 961 1886 puto,
987 1797 1114 1866 Caeci-

100 1884 195 1953 lium
218 1887 310 1971 sequi
332 1887 498 1973 debuisse,
521 1887 609 1972 quod
632 1889 760 1973 assequi
789 1887 974 1974 [nequi]ret.

547 2099 667 2166 XXIV.

99 2219 140 2274 De
159 2222 254 2276 vetere
273 2208 459 2290 parsimonia;
479 2221 569 2290 deque
589 2221 714 2291 antiquis
733 2221 845 2292 legibus
865 2222 1057 2294 sumptuariis.

59 2363 86 2405 2⁰
165 2346 372 2414 Parsimonia
395 2349 481 2433 apud
499 2353 625 2414 veteres
643 2349 811 2415 Romanos
835 2354 869 2416 et
887 2350 994 2416 victus
1018 2356 1116 2435 atque
1145 2375 1160 2424 1

99 2455 252 2502 cenarum
279 2436 425 2502 tenuibus
448 2458 516 2502 non
543 2438 721 2505 domestica
750 2438 858 2519 solum
887 2439 1115 2506 observatione

98 2546 137 2590 ac
161 2525 345 2610 disciplina,
374 2526 430 2590 sed
456 2525 589 2611 publica
618 2547 746 2610 quoque
771 2527 1049 2593 animadversione
1072 2528 1115 2594 lo-

99 2634 242 2700 gumque
264 2613 481 2699 complurium
505 2614 728 2681 sanctionibus
751 2615 916 2682 custodita
939 2620 998 2682 est,
1032 2616 1114 2704 Legi
1144 2642 1160 2690 a

99 2702 180 2767 adeo
203 2725 306 2788 nuper
328 2704 368 2768 in
390 2699 599 2788 Capitonis
622 2703 712 2769 Atei
735 2704 1002 2771 coniectaneis
1026 2727 1115 2772 sena-

58 2805 85 2848 ν
99 2795 153 2856 tus
177 2791 343 2857 decretum
365 2796 460 2857 vetus
484 2790 518 2857 C.
541 2791 669 2858 Fannio
692 2797 726 2859 et
743 2792 786 2857 Μ.
805 2792 938 2858 Valerio
961 2792 1115 2860 Messalla

99 2880 288 2946 consulibus
312 2880 445 2966 factum,
467 2881 503 2945 in
526 2902 590 2965 quo
610 2881 764 2948 iubentur
781 2881 944 2968 principes
963 2881 1116 2969 civitatis,

99 2968 155 3052 qui
181 2968 267 3034 ludis
294 2967 537 3055 Megalensibus
551 2991 553 2994 ⁴
569 2969 704 3054 antiquo
732 2960 800 3035 ritu
828 2969 1054 3057 ‘mutitarent',
1081 2973 1115 3038 id

98 3062 149 3122 est
171 3063 286 3124 mutua
314 3058 401 3124 inter
430 3080 501 3124 sese
531 3058 676 3124 dominia
703 3058 877 3145 agitarent,
898 3059 1006 3125 iurare
1029 3062 1115 3146 apud

98 3147 248 3213 consules
278 3148 386 3213 verbis
417 3146 601 3232 conceptis,
631 3169 699 3212 non
728 3148 870 3232 amplius
899 3148 935 3213 in
967 3149 1113 3237 singulae

56 3248 85 3290 ⁸⁰
98 3255 194 3300 canas
218 3240 367 3320 sumptus
389 3237 450 3317 [se]
472 3258 542 3300 esse
566 3235 710 3302 facturos
734 3257 832 3320 quam
856 3241 1008 3302 centenos
1032 3239 1114 3305 vice

97 3344 222 3407 nosque
246 3325 329 3390 aeris
352 3328 481 3410 praeter
504 3325 577 3390 olus
600 3329 633 3389 et
650 3322 701 3390 far
719 3329 753 3391 et
770 3325 892 3409 vinum,
913 3347 1018 3410 neque
1037 3328 1113 3393 vino

98 3412 295 3499 alienigena,
318 3414 374 3478 sed
396 3413 522 3497 patriae
545 3434 676 3498 usuros,
703 3434 807 3497 neque
831 3414 959 3501 argenti
981 3414 1017 3479 in
1039 3438 1113 3482 con-

97 3500 184 3566 vivio
207 3500 281 3586 plus
304 3502 413 3586 pondo
436 3523 535 3585 quam
557 3500 658 3567 libras
682 3507 813 3568 centum
835 3503 1004 3568 inlaturos.
1107 3529 1111 3552 ³
