2356 3900
119 108 163 173 48
555 107 575 160 1.
596 127 621 162 v.
640 125 675 160 vr.

120 294 194 337 cum
217 270 255 334 de
279 292 377 336 causa
396 267 504 335 Sullae
528 273 744 354 quaereretur,
766 268 921 334 neniam
943 267 1142 335 histrionem

120 382 195 425 eum
213 381 284 424 esse
303 359 433 443 diceret,
452 360 508 424 sed
527 358 769 446 gesticulariam
787 357 1044 443 Dionysiamque
1063 379 1142 424 eum

119 448 309 514 notissimae
335 447 555 514 saltatriculae
582 447 713 514 nomine
741 447 934 532 appellaret,
959 450 1033 511 tum
1058 468 1142 514 roos

120 538 212 603 molli
245 543 341 622 atque
374 538 514 603 demissa
541 536 778 603 Hortensius
806 534 998 621 ‘Dionysia'
1029 535 1143 621 inquit

120 626 291 712 ‘Dionysia
313 627 400 693 malo
419 627 567 712 equidem
586 648 655 692 esse
675 648 773 711 quam
791 625 878 710 quod
900 629 947 711 tu,
964 622 1142 711 Torquate,
1170 647 1178 674 ³

123 716 280 800 ἄμουσος,
304 716 538 801 ἀναφρόδιτος,
562 713 848 801 ἀπροσδιόνυσοςῖ

597 893 654 958 VI.

120 1015 217 1070 Verba
234 1031 268 1069 ex
287 1014 414 1069 oratione
429 1014 539 1069 Metelli
552 1013 704 1081 Numidici,
723 1031 808 1082 quam
826 1012 899 1067 dixit
915 1012 946 1066 in
964 1028 1086 1068 censura
1103 1014 1142 1069 ad

156 1084 301 1156 populum,
322 1102 385 1140 cum
404 1103 468 1140 eum
487 1086 523 1139 ad
541 1102 641 1140 uxores
659 1085 802 1140 ducendas
817 1084 1027 1150 adhortaretur3
1047 1100 1141 1154 eaque

155 1157 353 1283 qqlngosquam
371 1159 407 1211 ob
426 1174 540 1212 causam
558 1157 730 1227 reprehensa
748 1159 778 1212 et
795 1171 851 1225 quo
870 1157 969 1211 contra
986 1155 1073 1211 modo
1092 1157 1175 1212 de-11

95 1356 110 1406 1
186 1336 301 1402 Multis
316 1341 349 1401 et
362 1336 496 1400 eruditis
511 1336 590 1401 viris
605 1336 811 1401 audientibus
825 1336 996 1422 legebatur
1010 1339 1141 1405 oratio

120 1426 272 1491 Metelli
296 1424 508 1510 Numidici,
531 1426 639 1511 gravis
671 1447 708 1490 ac
731 1425 844 1490 diserti
867 1424 942 1509 viri,
965 1447 1080 1509 quam
1100 1427 1143 1492 in

120 1537 285 1580 censura
307 1514 408 1579 dixit
426 1515 466 1579 ad
484 1515 668 1599 populum
682 1515 724 1579 de
739 1513 923 1579 ducendis
937 1515 1143 1601 uxoribus,

119 1626 194 1669 cum
218 1626 292 1669 eum
311 1604 352 1668 ad
370 1603 579 1668 matrimonia
597 1603 793 1688 capessenda
811 1602 1005 1668 hortaretur.
1041 1603 1084 1669 In
1101 1626 1143 1671 ea
1173 1633 1178 1657 ·‘

95 1693 268 1759 roratione
291 1693 339 1758 ita
361 1693 519 1777 scriptum
545 1693 621 1757 fuit:
655 1690 694 1757 si
724 1692 806 1756 sine
833 1712 951 1756 uxore
980 1691 1140 1775 [vivere]

117 1780 1143 1868 possemus,Quirites,omnicamolestiacareremus3

120 1875 179 1936 set
198 1871 379 1955 quoniam
392 1870 449 1934 ita
461 1875 602 1935 natura
615 1869 794 1954 tradidit,
810 1872 853 1934 ut
870 1890 938 1934 nec
953 1891 1036 1935 cum
1055 1871 1142 1936 illis

118 1960 218 2024 satis
251 1958 459 2042 commode,
490 1980 558 2024 nec
589 1959 671 2024 sine
698 1958 781 2023 illis
812 1957 893 2023 ullo
921 1958 1031 2022 modo
1059 1959 1142 2025 vivi

119 2048 260 2132 possit,
279 2047 399 2112 saluti
418 2052 628 2131 perpetuae
655 2047 787 2132 potius
812 2067 923 2130 quam
950 2047 1058 2113 brevi
1077 2070 1141 2115 vo·
1158 2075 1173 2100 ³⁴¹

119 2136 266 2221 luptati
290 2135 566 2200 consulendum
590 2140 656 2201 est.

91 2239 109 2290 s
185 2223 367 2289 Videbatur
386 2224 589 2310 quibusdam,
613 2223 648 2300 Q.
668 2224 868 2289 Metellum
888 2245 1065 2310 censorem,
1087 2227 1140 2292 cui

120 2313 292 2378 consilium
315 2316 402 2378 esset
425 2315 466 2379 ad
488 2335 605 2378 uxores
629 2314 790 2379 ducendas
819 2313 976 2397 populum
1003 2312 1140 2400 hortari,

119 2424 186 2467 non
213 2403 396 2487 oportuisse
420 2403 459 2467 de
487 2402 639 2468 molestia
667 2402 945 2485 incommodisque
972 2404 1138 2488 perpetuis

119 2491 166 2556 rei
185 2491 317 2557 uxoriae
336 2491 494 2576 confiteri,
512 2513 615 2576 neque
633 2491 668 2557 id
685 2491 812 2556 hortari
826 2490 931 2577 magis
951 2512 1020 2556 esse
1041 2512 1140 2576 quam
1152 2508 1174 2552 a

119 2580 305 2645 dissuadere
328 2580 586 2665 absterrereque3
614 2586 664 2646 set
687 2584 801 2646 contra
822 2580 858 2644 in
879 2579 914 2643 id
935 2579 1046 2664 potius
1070 2603 1140 2646 ora-

119 2668 242 2734 tionem
262 2669 412 2734 debuisse
431 2670 515 2734 sumi
534 2669 696 2754 dicebant,
717 2674 755 2734 ut
774 2673 807 2734 et
824 2668 930 2733 nullas
949 2668 1140 2755 plerumque

119 2780 190 2823 esse
212 2759 248 2823 in
270 2758 487 2824 matrimoniis
510 2758 678 2824 molestias
701 2758 905 2824 adseveraret
928 2762 975 2842 et,
1004 2757 1033 2822 si
1057 2780 1139 2843 quae

119 2851 229 2913 tamen
243 2847 386 2913 accidere
400 2869 644 2931 nonnumquam
658 2848 854 2932 viderentur,
871 2868 987 2932 parvas
1002 2850 1037 2911 et
1052 2848 1140 2914 leves
1169 2891 1172 2898 ·

118 2936 295 3022 facilesque
309 2958 380 3002 esse
398 2938 540 3003 toleratu
554 2936 676 3001 diceret
693 2935 935 3020 maioribusque
949 2957 1004 3001 eas
1019 2937 1141 3003 emolu·
1153 2953 1177 2995 ω

119 3026 238 3092 mentis
253 3030 287 3092 et
299 3026 523 3112 voluptatibus
535 3024 718 3091 oblitterari
727 3026 920 3109 easdemque
934 3025 1022 3110 ipsas
1034 3047 1141 3111 neque

120 3116 271 3181 omnibus
285 3137 390 3199 neque
403 3119 540 3181 naturae
553 3114 645 3200 vitio,
664 3119 714 3181 set
728 3115 930 3199 quorundam
945 3113 1141 3183 maritorum

91 3203 215 3288 tculpa
239 3209 272 3270 et
293 3205 457 3271 iniustitia
479 3204 615 3270 evenire.
652 3203 763 3269 Titus
788 3209 897 3270 autem
921 3200 1140 3270 Castricius

119 3297 206 3358 recte
235 3298 332 3378 atque
360 3295 520 3382 condigne
543 3292 743 3358 Metellum
765 3315 836 3358 esse
859 3293 1006 3359 locutum
1031 3293 1142 3358 existi-

119 3382 238 3446 mabat.
270 3381 409 3469 ‘Aliter’,
417 3384 534 3469 inquit,
548 3382 675 3450 ‘censor
688 3382 779 3467 loqui
794 3382 899 3466 debet,
915 3381 1010 3447 aliter
1018 3381 1141 3449 rhetor.
1159 3406 1162 3414 ’

118 3469 256 3537 Rhetori
276 3492 469 3540 concessum
484 3478 544 3559 est,
567 3471 737 3538 sententiis
761 3471 810 3537 uti
828 3470 931 3556 falsis,
954 3470 1143 3558 audacibus,
