2392 3886
507 113 541 169 11.
559 132 603 172 xv.
616 133 671 170 m.
1053 115 1097 182 95

75 281 149 365 bus,
174 278 232 364 qui
254 300 388 344 uxorem
417 278 537 362 quiquo
563 277 684 343 liberos
710 277 885 364 haberent,
912 279 1096 345 senioribus

74 391 184 453 neque
201 368 324 433 liberos
341 389 448 451 neque
466 387 583 432 uxores
602 366 808 432 habentibus
841 365 945 433 Sicuti
960 368 1122 454 kapite4

75 457 161 522 VII.
181 457 284 543 legis
301 455 429 522 Iuliae
447 455 549 558 priori
569 477 608 521 ex
626 455 816 521 oonsulibus
830 455 935 522 fasoes
949 458 1096 523 sumendi

74 551 227 633 potestas
249 546 302 631 fit,
323 567 391 610 non
414 544 471 630 qui
493 544 597 630 pluris
621 566 723 609 annos
746 549 805 610 nat
805 567 845 609 us
867 550 932 631 est,
960 546 1016 611 sed
1039 547 1096 630 qui

73 636 181 722 pluris
199 634 322 700 liberos
341 656 440 718 quam
459 633 585 720 collega
603 632 687 699 aut
678 656 714 698 m
733 656 792 699 sua
809 638 975 719 potestate
994 634 1096 700 habet

74 729 134 790 aut
157 723 246 789 bello
270 724 389 788 amisit.
366 720 544 788 t‘Sed
519 745 547 787 ει
570 745 630 824 par
652 722 782 807 utrique
805 745 960 788 numerus
978 722 1121 790 liberos

73 837 150 878 rum
180 817 244 897 est,
271 813 410 878 maritus
439 815 496 877 aut
524 812 580 896 qui
602 812 638 876 in
666 832 803 877 numero
827 811 1022 878 maritorum
1045 818 1096 877 est

72 901 278 989 praefertur3
302 901 330 966 si
353 921 430 966 vero
455 900 609 966 amboet
575 901 741 965 etmariti
765 905 798 966 et
821 906 932 986 patres
955 901 1121 967 totidemo

72 992 258 1056 liberorum
281 994 374 1076 sunt,
404 994 475 1054 tum
497 989 553 1054 ille
575 989 735 1074 pristinus
758 988 863 1055 honos
890 990 1095 1056 instauratur

74 1086 110 1147 et
134 1080 193 1164 qui
216 1079 321 1144 maior
342 1083 424 1144 natu
447 1083 498 1143 est
519 1078 611 1164 prior
633 1077 738 1144 fasces
763 1079 871 1144 sumit.
919 1078 1023 1165 Super
1043 1078 1121 1144 hisi

74 1174 199 1254 sutem,
218 1167 274 1253 qui
293 1174 351 1234 aut
370 1167 508 1233 caelibes
528 1167 625 1232 ambo
645 1171 722 1232 sunt
741 1173 774 1232 et
792 1189 904 1253 parem
923 1189 1096 1235 numerum

73 1258 222 1324 filiorum
239 1257 364 1322 habent
382 1262 440 1323 aut
460 1256 571 1321 mariti
591 1261 669 1322 sunt
687 1261 720 1321 et
738 1256 860 1324 liberos
878 1278 946 1322 non
962 1257 1096 1344 habent,

72 1346 160 1412 nihil
174 1347 340 1430 seriptum
358 1346 395 1411 in
412 1347 485 1432 lege
500 1346 538 1410 de
550 1342 619 1433 (sa)
633 1350 741 1410 aetate
760 1351 819 1411 est.
844 1344 968 1412 Solitos
983 1351 1122 1412 tamena

73 1436 192 1520 audio,
218 1435 274 1519 qui
303 1435 375 1521 lege
405 1434 550 1520 potiores
580 1440 689 1499 essent
718 1433 824 1500 fasces
852 1435 951 1521 primi
974 1435 1096 1500 mensis

73 1525 213 1611 collegis
238 1524 412 1590 aonoedere
431 1527 488 1589 aut
506 1522 604 1608 longe
623 1527 731 1588 aetate
744 1523 910 1608 prioribus
929 1529 986 1589 aut
1004 1524 1096 1588 nobi·

72 1613 216 1679 lioribus
243 1613 349 1678 multo
376 1617 435 1678 aut
460 1612 637 1677 seeundum
664 1612 870 1677 consulatum
896 1612 1096 1677 ineuntibus.

546 1788 634 1854 XVI

75 1912 160 1981 Quod
180 1909 335 1968 Caesellius
354 1911 465 1967 Vindex
484 1926 503 1965 a
520 1909 599 1965 Sol
590 1909 646 1993 roio
664 1908 825 1979 Apollinari
846 1910 1033 1981 reprehensus
1053 1912 1098 1967 est

324 1998 471 2037 msensus
488 1981 546 2036 Ver
590 1980 648 2036 'ani
668 1980 855 2037 enarratione.

144 2109 318 2197 Vergilii
341 2131 454 2174 versus
479 2113 557 2173 sunt
578 2130 596 2173 e
618 2108 723 2174 libro
748 2112 871 2174 sexto:
1107 2123 1121 2171 1

121 2200 197 2265 Ille
202 2199 356 2285 ,vides‚
377 2221 473 2283 pura
495 2198 648 2263 iuvenis
672 2196 737 2282 qui
760 2198 799 2261 ni
805 2198 905 2263 titur
928 2199 1052 2284 hasta,

120 2251 306 2354 Proirima
335 2292 441 2353 sorte
468 2291 578 2351 tenet
605 2286 705 2351 lueis
732 2285 825 2351 looa.
871 2287 1023 2353 Primus
1052 2288 1097 2353 ad

765 2397 882 2441 auras

120 2465 333 2531 Aetherias
356 2464 459 2531 Italo
488 2462 719 2528 commixtus
748 2465 937 2551 sanguine
961 2470 1097 2551 surget

124 2553 289 2640 Srlvrus‚
302 2553 495 2620 Albanum
509 2572 647 2617 nomen
650 2552 1097 2656 ‚tuapostumaproles,

123 2642 243 2721 Quem
267 2644 342 2708 tibi
368 2644 560 2728 longaevo
590 2662 715 2706 serum
737 2639 902 2707 Lavinia
929 2642 1096 2708 ooniunx

121 2733 276 2798 Educet
300 2732 413 2797 silvis
436 2751 566 2817 regem
589 2750 800 2816 regumque
823 2735 1038 2816 parentem.

121 2821 232 2887 Vnde
248 2821 615 2907 genusLonganost
600 2818 1096 2886 trumdominabiturAlba.

144 2962 353 3029 Videbantur
374 2963 454 3028 haec
477 2980 684 3045 nequaqnam
707 2962 891 3026 convenire:
1106 2973 1122 3021 a

98 3181 113 3241 t
495 3091 563 3150 tua
585 3090 766 3170 postuma
788 3086 936 3172 proles,

80 3199 98 3242 e
119 3201 128 3242 ι

122 3282 241 3360 Quem
264 3281 353 3434 tibil
368 3282 559 3368 longaevo
588 3303 713 3347 serum
735 3282 901 3348 Lavinia
929 3281 1096 3346 coniunx

120 3372 275 3439 Educet
303 3370 335 3436 si
357 3371 424 3438 vis.

76 3475 166 3542 Nam
184 3476 214 3541 si
231 3477 286 3544 hio
307 3475 436 3564 Silvius,
457 3479 507 3543 ita
529 3482 568 3543 ut
588 3478 630 3542 in
652 3479 820 3543 omnium
843 3476 962 3541 ferme
981 3488 1123 3541 anna-a
