2356 3900
550 167 570 222 l.
589 187 615 223 ¹·
634 187 670 223 ¹1·
1079 169 1123 235 55

592 329 630 395 X.

94 452 208 520 Quibus
216 451 311 508 verbis
323 451 536 522 compellaverit
545 450 700 507 Favorinus
714 451 899 522 philosophus
910 453 1120 510 adulescentem

342 539 423 579 casce
441 522 525 578 nimis
545 526 575 579 et
591 523 682 595 prisce
701 523 873 593 loquentem.

166 650 384 717 Favorinus
407 650 623 736 philosophus
652 651 851 717 adulescenti
879 657 1025 717 veterum
1051 657 1144 718 ver-1

54 760 70 802 5
97 744 218 807 borum
245 739 456 825 cupidissimo
485 745 518 804 et
543 739 714 825 plerasque
742 762 837 806 voces
867 740 966 805 nimis
995 741 1119 826 priscas

97 836 133 896 et
156 830 290 916 ignotas
322 828 358 893 in
385 828 556 894 cotidianis
590 830 881 913 communibusque
915 831 1119 895 sermonibus

96 918 318 1005 expromenti:
351 914 500 982 ‘Curius’
528 917 636 1002 inquit
665 917 714 983 ‘et
741 917 912 984 Fabricius
940 917 1120 985 010011111-

97 1008 223 1093 canius,
246 1006 466 1092 antiquissimi
484 1006 555 1091 viri,
578 1010 612 1072 et
630 1006 681 1072 his
701 1007 900 1092 antiquiores
919 1008 1051 1074 Horatii
1069 1008 1119 1073 illi

97 1096 268 1184 trigemini
286 1096 381 1182 plane
405 1119 442 1162 ac
461 1095 601 1161 dilucide
625 1118 699 1161 cum
718 1096 785 1162 suis
808 1097 947 1162 fabulati
966 1103 1043 1163 sunt
1065 1120 1119 1162 ne-

59 1204 84 1244 10
98 1208 161 1272 que
185 1185 416 1251 Auruncorum
438 1189 496 1250 aut
520 1183 711 1250 Sicanorum
735 1190 792 1251 aut
813 1185 1036 1272 Pelasgorum,
1062 1188 1117 1271 qui

96 1275 199 1362 primi
222 1274 361 1341 coluisse
384 1273 516 1338 Italiam
539 1273 701 1357 dicuntur,
729 1275 785 1339 sed
808 1275 925 1341 aetatis
949 1298 1026 1341 suae
1049 1299 1118 1341 ver-

96 1365 149 1430 bis
173 1363 278 1429 locuti
305 1367 394 1448 1111111
423 1367 460 1427 tu
488 1368 611 1448 autem,
633 1362 768 1447 proinde
792 1364 885 1446 quasi
913 1387 986 1429 cum
1014 1370 1143 1430 matrea

10 1530 12 1547 Ι
96 1452 247 1520 Euandri
273 1473 359 1517 nuno
386 1452 533 1538 loquare,
563 1472 711 1517 sermone
740 1451 858 1517 abhinc
883 1453 995 1518 multis
1025 1454 1117 1518 annis

96 1544 165 1608 iam
185 1541 290 1607 (101110
305 1541 417 1625 uteris,
435 1542 522 1625 quod
541 1541 622 1607 seire
638 1545 735 1625 atque
752 1541 941 1627 intellegere
955 1543 1118 1607 neminem

58 1632 147 1697 15111
162 1653 247 1717 quae
261 1631 358 1696 dicas.
382 1628 509 1716 Nonne,
521 1630 620 1695 homo
639 1630 757 1714 inepte,
775 1634 812 1695 ut
826 1631 913 1714 quod
927 1631 976 1695 vis
991 1632 1118 1696 abunde

97 1719 323 1805 consequaris,
363 1719 474 1785 taces?
521 1717 584 1784 Sed
624 1719 853 1802 antiquitatem
889 1719 951 1782 tibi
991 1719 1144 1803 placeres

10 1850 12 1861 ·
97 1811 161 1893 ais,
194 1809 281 1894 quod
307 1807 447 1873 honesta
469 1811 503 1873 et
525 1808 612 1873 bona
640 1812 672 1872 01
700 1807 811 1871 sobria
835 1810 867 1870 et
890 1808 1038 1871 modesta
1066 1807 1117 1872 sit.

96 1898 183 1964 Vive
205 1919 285 1984 ergo
303 1897 449 1962 moribus
468 1896 662 1981 praeteritis,
684 1896 816 1980 loquere
840 1895 947 1960 verbis
970 1908 1145 1980 praesen-4

96 1988 189 2053 tibus
208 1991 305 2070 atque
323 1986 366 2070 id,
389 1987 475 2070 quod
494 2007 513 2050 a
532 1982 567 2050 O,
586 1983 763 2068 Caesare,
786 1984 972 2050 excellentis
995 1985 1118 2070 ingenii

55 2091 135 2143 ²⁰ac
166 2074 357 2162 prudentiae
387 2075 472 2160 viro,
505 2073 546 2137 in
574 2074 698 2159 primo
729 2075 772 2138 de
803 2073 985 2160 analogia
1014 2074 1117 2139 libro

98 2166 346 2250 scriptumest,
373 2164 457 2228 habe
481 2185 608 2247 semper
630 2163 666 2226 in
688 2164 845 2227 memoria
869 2167 965 2246 atque
989 2163 1024 2226 in
1046 2185 1118 2247 pec-

96 2260 184 2338 tore,
214 2257 252 2318 ut
283 2257 478 2337 tamquam
510 2251 725 2336 scopulum,
758 2252 813 2317 sic
845 2252 975 2338 fugias
1007 2253 1118 2316 inau-

96 2344 224 2409 ditum
246 2346 361 2426 atque
384 2341 560 2406 insolens
585 2339 764 2405 verbum'

580 2552 636 2616 XI.

60 2692 84 2733 2⁵
97 2677 184 2746 Quod
198 2674 388 2745 Thucydides,
407 2673 665 2744 1011111011110111111,
684 2673 922 2729 Lacedaemonios
941 2672 972 2726 in
987 2672 1047 2727 acie
1061 2689 1118 2727 non

131 2748 218 2816 tuba,
243 2748 294 2802 sed
311 2746 392 2801 tibiis
411 2762 473 2800 esse
492 2761 557 2800 usos
582 2745 652 2800 dicit
674 2745 816 2814 verbaque
840 2744 900 2799 eius
925 2760 1008 2813 super
1031 2760 1065 2799 ea
1087 2759 1116 2796 re

131 2819 241 2891 posita;
262 2818 393 2887 quodque
410 2816 570 2872 Herodotus
584 2817 730 2887 Alyattem
747 2833 844 2886 regem
857 2814 986 2869 fidicinas
1004 2813 1036 2868 in
1053 2831 1117 2883 pro·

132 2891 229 2946 cinctu
257 2889 391 2944 habuisse
423 2887 524 2955 tradit;
558 2890 643 2956 atque
676 2887 749 2943 inibi
776 2887 917 2957 quaedam
948 2888 1049 2940 notata
1082 2884 1117 2938 de

133 2959 256 3017 Gracchi
273 2960 369 3015 fistula
387 2959 572 3014 contionaria.

60 3120 84 3157 a
163 3089 292 3155 Auctor
305 3087 461 3153 historiae
477 3086 618 3151 Graecae
633 3085 844 3172 gravissimus
859 3083 1103 3169 Thucydides
1109 3103 1142 3167 ,1

97 3177 384 3262 Lacedaemonios,
402 3197 547 3240 summos
561 3174 746 3259 bellatores,
763 3195 831 3239 non
849 3194 1007 3237 cornuum
1025 3172 1118 3236 tuba-

97 3289 210 3333 rumve
240 3266 358 3353 signis,
386 3266 443 3330 sed
469 3264 625 3328 tibiarum
653 3263 792 3328 modulis
820 3263 856 3326 in
883 3261 1016 3345 proeliis
1046 3281 1116 3324 esse

97 3379 174 3422 usos
198 3356 308 3440 refert,
330 3376 398 3419 non
415 3375 549 3438 prorsus
569 3374 609 3416 ex
632 3353 741 3436 aliquo
764 3352 831 3416 ritu
849 3350 1045 3436 religionum
1064 3370 1118 3412 ne-

99 3468 159 3530 que
189 3445 239 3510 rei
267 3444 394 3509 divinae
425 3443 532 3529 gratia
560 3462 664 3525 neque
694 3446 803 3506 autem
832 3444 870 3504 ut
898 3439 1117 3503 excitarentur

60 3541 196 3620 statque
220 3533 445 3599 evibrarentur
472 3531 586 3615 animi,
614 3531 701 3614 quod
724 3551 845 3595 cornua
872 3533 905 3592 et
927 3525 1003 3590 litui
1025 3525 1118 3588 moli-
