2392 3886
128 114 171 180 Q
561 112 704 169 Emm

83 302 118 351 12
130 278 272 365 graviter
292 277 389 342 simul
412 280 445 340 et
469 276 606 342 comiter
623 272 785 342 disseruit.
816 274 905 351 Quid
921 281 1033 342 autem
1052 299 1139 363 snper

128 365 352 432 huiuscemodi
370 365 474 451 patris
498 370 596 449 atque
619 365 680 429 filii
703 363 813 430 officio
837 365 924 449 apud
942 363 1139 433 Claudium

128 456 313 543 legerimus,
334 477 402 519 non
420 476 489 519 esse
509 454 550 519 ab
569 454 730 519 revisum
751 457 811 538 est,
828 458 867 519 ut
880 454 1140 522 adscriberemus.

86 544 303 619 13P0suimus
326 543 429 630 igitur
452 544 551 608 verba
572 543 646 628 ipsa
669 541 921 645 Quadrigarii
945 565 991 610 ex
1013 544 1140 610 annali

130 635 199 700 eius
215 639 324 700 sexto
338 631 724 717 transscriptatDeinde
738 631 836 696 faotr
851 633 1037 699 consules
1048 632 1166 701 Sem-⁸

129 724 290 809 pronius
315 721 512 787 Gracchus
536 721 692 806 iterum,
715 719 752 796 Q.
770 718 919 787 Fabius
942 721 1141 807 Maximus,

130 813 242 878 filius
280 812 364 877 eius
402 810 466 895 qui
497 809 629 894 priore
661 830 760 875 anno
793 814 876 876 erat
909 812 1058 877 consul
1101 812 1141 877 ni

130 900 283 967 consuli
302 904 413 985 pater
431 900 645 984 proconsul
660 898 813 964 obviam
830 898 871 963 in
889 921 990 983 equo
1004 902 1140 967 vehens

129 990 240 1056 venit
256 1009 379 1072 neque
398 988 630 1053 descendere
649 987 787 1074 voluit,
805 989 905 1073 quod
922 994 1040 1075 pater
1058 995 1142 1075 erat,

130 1083 182 1165 et,
205 1078 305 1162 quod
327 1077 431 1142 inter
454 1098 519 1142 eos
543 1076 721 1142 sciebant
749 1077 916 1143 maxima
938 1079 1168 1147 concordias

130 1167 352 1253 convenire,
380 1166 545 1231 lictores
574 1187 651 1231 non
673 1166 758 1230 ausi
790 1170 882 1231 sunt
913 1166 1142 1235 descendere

129 1256 272 1321 iubere.
297 1254 387 1371 ,Vbi
413 1254 524 1356 iuxta
547 1255 668 1339 venit,
683 1259 776 1356 ,tum
798 1255 934 1321 consul
964 1257 1024 1360 ait
1047 1256 1142 1361 ‘quid

129 1343 1143 1523 {llllnllillllt0llztlltl'53ntltll.

130 1523 191 1588 sit.
237 1521 384 1587 Fabius
407 1521 572 1605 imperio
602 1526 714 1607 paret
737 1526 774 1587 et
797 1521 926 1587 filium
950 1524 1171 1591 collauda-1⁸

129 1612 201 1698 vit,
219 1634 302 1677 cum
316 1611 535 1695 imperium,
549 1611 650 1693 quod
664 1611 799 1696 populi
815 1616 927 1696 esset,
945 1614 1143 1679 retineret

609 1820 669 1886 ΠΙ.

130 1947 192 2015 Qua
204 1946 316 2002 ratione
329 1944 423 2000 verbis
441 1942 612 2013 quibusdam
629 1942 832 2013 vocabulisque
849 1945 959 1999 veteres
977 1943 1146 2003 immiserint

483 2013 504 2067 h
521 2012 635 2069 litterae
654 2014 793 2085 spiritum.

104 2165 118 2213 1
196 2142 229 2206 H
242 2143 387 2208 litteram
402 2142 469 2207 sive
486 2139 578 2207 illam
597 2143 751 2228 spiritum
768 2141 873 2228 magis
888 2163 987 2226 quam
1001 2143 1174 2211 litteram

131 2232 194 2297 dici
218 2235 364 2316 oportet,
393 2230 581 2295 inserebant
611 2253 683 2297 eam
706 2236 831 2297 veteres
853 2231 961 2296 nostri
983 2233 1145 2319 plerisque

130 2319 265 2385 vocibus
289 2320 463 2384 verborum
485 2320 653 2385 firmandis
684 2320 954 2406 roborandisque,
981 2326 1022 2386 ut
1050 2342 1143 2389 sonus

130 2430 242 2475 earum
273 2413 359 2474 esset
387 2408 522 2473 viridior
552 2409 776 2495 vegetiorque3
805 2413 903 2492 atque
931 2408 967 2473 id
995 2410 1145 2477 videntur

104 2497 247 2567 afecisse
267 2497 375 2562 studio
395 2501 428 2561 et
447 2497 594 2582 exemplo
613 2497 744 2584 linguae
761 2497 901 2563 Atticae.
928 2495 1019 2563 Satis
1032 2504 1142 2566 notum

131 2592 198 2671 est,
220 2585 352 2651 Atticos
374 2584 499 2670 ‘ixdie'
519 2591 552 2650 et
576 2585 620 2651 ‘t'
643 2608 824 2672 pronomen
847 2588 880 2650 et
902 2586 1009 2651 multa
1034 2588 1171 2655 itidem*

131 2674 196 2739 alia
221 2680 336 2739 contra
360 2695 484 2739 morem
503 2675 651 2760 gentium
674 2675 826 2741 Graeciae
848 2678 1033 2741 ceterarum
1050 2676 1143 2762 inspi-

103 2763 233 2832 arantis
252 2763 376 2848 primae
395 2763 524 2828 litterae
548 2763 675 2829 dixisse.
710 2762 763 2829 Sic
782 2762 1000 2861 ‘lachrnmas',
1020 2765 1070 2833 sic
1090 2764 1143 2831 ‘se

129 2851 323 2937 pulchrum',
342 2852 389 2917 sic
403 2850 577 2936 ‘ahenum',
600 2853 646 2917 sic
665 2850 871 2938 ‘vehemens’,
893 2852 940 2917 sio
960 2852 1142 2939 ‘incohare’‚
1178 2878 1180 2917 :

132 2941 178 3005 sic
202 2940 372 3026 ‘helluari’,
399 2940 445 3006 sic
471 2940 684 3026 ‘halucinari',
714 2941 760 3007 sic
784 2940 939 3025 ‘honera’,
962 2942 1011 3008 sic
1035 2942 1141 3009 ‘honu-

103 3028 231 3098 4stum'
255 3029 414 3093 dixerimt.
461 3028 502 3093 ln
523 3028 576 3093 his
600 3030 687 3094 enim
709 3028 816 3095 verbis
841 3029 993 3095 omnibus
1017 3031 1167 3099 naemu

131 3139 188 3183 seu
208 3116 342 3202 spiritus
365 3116 461 3181 istius
480 3117 571 3182 nulla
592 3119 678 3184 ratio
697 3117 768 3184 visa
786 3122 845 3204 est,
866 3118 931 3183 nisi
949 3123 988 3184 ut
1006 3120 1141 3187 firmitas

131 3209 165 3271 et
191 3205 286 3292 vigor
308 3205 397 3271 vocis
428 3204 522 3289 quasi
552 3206 745 3290 quibusdam
767 3205 875 3271 nervis
899 3207 1020 3274 additis
1044 3210 1143 3275 inten-

131 3295 269 3360 deretur.

104 3402 121 3451 t
199 3381 263 3448 Sed
286 3383 440 3467 quoniam
464 3382 582 3448 ‘aheni'
607 3406 735 3469 quoque
763 3384 910 3469 exemplo
940 3385 994 3450 usi
1025 3408 1143 3471 sumus,
1178 3422 1180 3435 ·

108 3472 221 3537 -venit
243 3472 339 3537 nobis
362 3473 398 3537 in
420 3473 626 3559 memoriam,
655 3472 790 3538 Fidum
821 3471 1021 3562 Optatum,
1050 3474 1172 3543 multi!l
