2392 3886
482 808 526 883 A.
555 807 719 882 GELLII

93 991 327 1078 Nocalvu
350 990 652 1078 ATTIOARVM
673 989 837 1074 LIBaR
860 986 1107 1093 QVARTVS.

549 1197 656 1207 nnn-u·—

588 1319 613 1383 Ι.

94 1439 191 1496 Sermo
209 1440 326 1510 quidam
339 1439 472 1495 Favorini
484 1439 648 1511 philosophi
661 1457 726 1495 cum
739 1438 924 1508 grammatico
938 1438 1109 1494 iactantiore

128 1511 220 1566 factus
239 1511 270 1566 in
289 1511 464 1569 Socraticum
480 1511 609 1578 modumr
633 1512 718 1580 atque
741 1509 783 1564 ibi
801 1509 832 1564 in
846 1526 973 1565 sermone
993 1511 1109 1577 dictum,
1136 1527 1150 1568 s

129 1583 231 1652 quibus
253 1582 347 1638 verbis
373 1583 484 1652 ‘penus'
512 1599 530 1637 a
552 1583 582 1649 Q.
603 1582 740 1638 Scaevola
762 1581 881 1637 definita
903 1581 953 1648 sit;
978 1582 1110 1650 quodque

129 1654 229 1709 eadem
247 1653 377 1709 definitio
396 1654 513 1724 culpata
530 1653 758 1723 reprehensaque
778 1655 828 1706 est.

68 1794 83 1842 1
160 1781 200 1846 In
222 1781 385 1847 vestibulo
409 1780 537 1846 aedium
555 1779 779 1846 Palatinarum
802 1780 948 1864 omnium
971 1779 1037 1845 fere
1062 1800 1111 1843 or·

93 1869 206 1935 diuum
241 1869 416 1935 multitudo
454 1869 658 1954 opperientes
695 1869 925 1934 salutationem
962 1866 1110 1934 Caesaris

93 1959 322 2044 constiterant3
346 1963 442 2043 atque
465 1957 512 2022 ibi
534 1957 571 2022 in
593 1957 714 2023 circulo
738 1958 909 2022 deciorum
931 1957 1151 2043 hominumn

92 2045 287 2111 Favorino
310 2045 507 2131 philosopho
530 2051 714 2132 praesente,
737 2047 925 2111 ostentabat
949 2046 1111 2132 quispiam

94 2135 325 2221 grammaticae
353 2134 400 2199 rei
424 2135 523 2200 ditior
546 2134 689 2200 scholica
711 2135 869 2221 quaedam
895 2134 1042 2220 nugalia,
1072 2136 1110 2197 de

94 2223 268 2311 generibus
286 2228 320 2288 et
338 2223 467 2288 casibus
486 2223 719 2289 vocabulorum
733 2224 893 2289 disserens
914 2245 988 2287 cum
1002 2223 1110 2287 arduis

94 2311 275 2398 superciliis
295 2312 447 2398 vocisque
467 2317 500 2377 et
513 2313 623 2377 vultus
643 2313 803 2399 gravitate
822 2311 1013 2396 composita,
1030 2316 1111 2374 tam-

67 2413 193 2487 aquam
214 2401 375 2486 interpres
399 2406 433 2466 et
455 2401 578 2466 arbiter
601 2399 745 2486 Sibyllae
769 2401 982 2466 oraculorum.
1027 2399 1111 2463 Turn
1126 2419 1152 2458 ra

94 2490 254 2575 aspiciens
274 2491 315 2555 ad
327 2488 576 2575 Favorinum,
595 2512 791 2575 quamquam
805 2489 835 2553 ei
848 2489 993 2553 nondum
1012 2488 1112 2552 etiam

94 2579 175 2644 satis
197 2583 296 2644 notus
319 2583 418 2665 esset,
441 2577 555 2663 ‘penus
583 2577 722 2664 quoque’
749 2578 857 2664 inquit
884 2577 995 2643 ‘variis
1019 2599 1112 2665 gene-

93 2668 185 2733 ribus
208 2668 331 2734 dictum
358 2672 392 2732 et
419 2668 507 2732 varie
530 2667 727 2733 declinatum
754 2673 813 2733 est.
859 2665 946 2733 Nam
972 2671 1006 2732 et
1034 2665 1111 2731 ‘hoc

93 2756 208 2842 penus’
241 2762 275 2822 et
306 2757 398 2822 ‘haec
429 2755 545 2842 penus’
575 2761 609 2822 et
638 2755 747 2821 ‘huius
776 2757 863 2842 peni'
894 2762 928 2821 et
958 2753 1112 2841 ‘penoris’

68 2850 219 2911 aroteres
247 2846 464 2932 dictarenmt3
491 2846 648 2910 mundum
672 2864 802 2931 quoque
827 2845 1019 2910 muliebrem
1041 2844 1112 2907 Lu·
1126 2863 1153 2903 20

31 2934 39 2945 '
95 2933 211 2998 cilius
233 2934 270 2998 in
293 2928 503 3000 satirarum
521 2953 591 2999 xva
609 2955 676 2998 non
693 2934 780 2999 virili
800 2956 926 3022 genere,
948 2938 986 2997 ut
1005 2933 1113 3015 ceteri,
1164 2962 1167 2969 ·

96 3022 152 3086 sed
175 3027 292 3086 neutro
316 3023 492 3107 appellavit
513 3023 565 3088 his
588 3023 710 3089 verbis:

140 3145 305 3234 Legavit
329 3146 482 3232 quidam
500 3147 612 3212 uxori
631 3148 809 3212 mundum
833 3143 940 3212 omne
959 3167 1113 3230 penum-

81 3257 110 3310 ο
140 3323 261 3410 Atqui
286 3324 376 3410 quid
400 3323 596 3410 mundum,
619 3324 711 3410 quid
732 3259 941 3478 3{b??quis
964 3323 1153 3388 dividetis

735 3436 769 3478 rs
794 3435 838 3480 uc
