2392 3886
512 134 531 193 l·
550 153 587 190 V1·
606 154 652 191 vn·
1045 136 1090 203 49

64 298 217 383 versutis,
236 297 393 383 subdolis,
407 298 573 383 captiosis,
591 298 619 363 si
638 299 706 363 veri
720 299 817 364 modo
834 299 957 364 similes
976 299 1043 365 sint
1057 305 1090 366 et

64 386 197 473 possint
206 387 384 453 movendos
393 386 563 452 hominum
577 387 704 452 animos
715 388 940 473 qualicumque
953 394 1028 454 astu
1044 389 1091 454 in·

65 475 201 562 repere'.
223 474 398 542 Praeterea
411 480 506 561 turpe
520 498 591 541 esse
606 476 653 541 ait
666 476 800 561 rhetori,
814 477 842 541 si
861 477 938 561 quid
956 478 992 542 in
1005 479 1091 545 mala

68 587 167 649 causa
185 565 381 630 destitutum
399 569 496 649 atque
514 565 793 651 inpropugnatum
811 566 981 650 relinquat.
1015 565 1117 633 ‘Sedu

40 653 154 719 senim
173 652 399 738 Metellum,’
417 654 525 738 inquit
545 654 706 720 ‘sanctum
719 654 835 738 virum,
853 654 911 720 illa
930 655 1090 741 gravitate

66 748 99 808 et
113 743 177 807 fide
192 743 377 827 praeditum
394 765 467 808 cum
481 746 575 809 tanta
588 742 750 808 honorum
769 749 868 828 atque
886 744 1091 831 vitae·digni·

65 836 135 897 tate
160 836 242 916 aput
263 832 422 916 populum
444 831 631 898 Romanum
654 834 852 917 loquentem,
875 833 959 897 nihil
984 833 1092 899 decuit

66 921 157 986 aliud
175 920 282 986 dicere
302 941 400 1005 quam
418 922 505 1005 quod
523 943 636 987 verum
655 943 725 986 esse
745 921 809 987 sibi
824 925 921 1006 atque
939 922 1090 988 omnibus

66 1009 254 1094 videbatur,
279 1010 472 1094 praesertim
496 1033 570 1076 cum
598 1032 694 1094 super
722 1033 760 1076 ea
786 1033 821 1075 re
845 1011 980 1096 diceret,
1009 1033 1090 1096 quae

32 1119 55 1160 ro
67 1098 235 1165 cotidiana
251 1099 477 1186 intellegentia
495 1103 529 1165 et
547 1099 711 1165 communi
729 1101 985 1186 pervolgatoque
1005 1102 1091 1167 vitae

66 1210 129 1252 usu
161 1189 456 1272 comprenderetur.
495 1188 545 1256 De
573 1188 724 1253 molestia
750 1189 854 1276 igitur
881 1191 1007 1255 cunctis
1035 1191 1118 1255 hoo

66 1277 213 1343 minibus
240 1277 414 1343 notissima
440 1277 608 1342 confessus
637 1277 734 1343 fidem
764 1278 948 1344 sedulitatis
976 1280 1092 1344 verita·

67 1366 177 1450 tisque
201 1367 425 1451 commeritus,
451 1371 523 1431 tum
546 1365 683 1450 denique
711 1366 806 1432 facile
835 1372 869 1432 et
895 1368 1093 1453 procliviter,

69 1455 159 1539 quod
181 1454 246 1521 fuit
267 1477 378 1521 rerum
401 1455 548 1520 omnium
576 1455 813 1522 validissimum
840 1461 938 1541 atque
966 1457 1093 1521 verissi-

39 1561 174 1628 umum,
201 1545 376 1629 persuasit,
403 1545 570 1610 civitatem
594 1544 717 1609 salvam
740 1567 810 1610 esse
835 1545 904 1610 sine
928 1547 1092 1611 matrimo

67 1633 202 1698 nicrum
224 1632 408 1716 frequentia
429 1654 497 1697 non
518 1632 636 1718 posse'.

135 1720 210 1786 Hoc
230 1742 357 1806 quoque
376 1721 458 1786 aliut
481 1743 524 1786 ex
544 1722 668 1787 eadem
687 1723 866 1787 oratione
886 1721 923 1798 Q.
942 1721 1118 1786 Metellil

69 1811 207 1896 dignum
225 1831 295 1874 esse
314 1810 572 1875 existimavimus
590 1811 725 1876 adsidua
742 1811 882 1876 lectione
900 1832 967 1875 non
985 1810 1093 1874 hercle

68 1899 179 1964 minus
212 1920 310 1982 quam
338 1920 420 1983 quae
451 1921 470 1963 a
503 1899 705 1985 gravissimis
733 1899 938 1983 philosophis
972 1898 1094 1983 scripta

37 1991 154 2053 esunt.
196 1985 306 2052 Verba
338 1986 491 2052 Metelli
527 1987 607 2054 haec
640 1993 729 2054 sunt:
763 1988 813 2052 Di
849 1987 1121 2053 immortales8

66 2074 278 2162 plurimum
311 2081 489 2161 possunt,
522 2078 587 2142 sed
617 2098 693 2140 non
728 2077 815 2161 plus
848 2077 947 2142 velle
979 2077 1094 2142 nobis

66 2164 215 2230 debent
234 2185 344 2248 quarn
362 2170 554 2249 parentes.
586 2165 637 2229 At
654 2171 852 2250 parentes,
876 2167 908 2230 si
926 2172 1094 2252 pergunt

65 2252 189 2318 liberi
208 2274 352 2338 errare,
374 2254 487 2319 bonis
512 2252 754 2318 exheredant.
792 2253 889 2330 Quid
913 2277 1004 2341 ergo
1023 2276 1092 2319 nos

66 2341 129 2430 (ab
143 2342 438 2408 immortalibus
453 2339 526 2428 dis)
537 2342 727 2407 divinitus
743 2349 1002 2428 expectemus,
1015 2344 1093 2409 nisi

29 2430 184 2497 amalis
217 2431 440 2497 rationibus
474 2430 589 2495 finem
620 2431 834 2497 faciamus?
876 2432 913 2497 Is
946 2433 1094 2497 demum

66 2520 159 2585 deos
184 2520 380 2604 propitios
404 2542 489 2585 esse
512 2541 643 2585 aecum
667 2524 739 2604 est,
767 2521 833 2604 qui
857 2521 934 2585 sibi
962 2522 1094 2585 adver-

67 2608 166 2673 sarii
194 2629 271 2672 non
299 2613 396 2673 sunt.
442 2609 507 2673 Dii
539 2608 779 2675 immortales
811 2610 999 2675 virtutem
1033 2611 1094 2676 ad·

66 2697 250 2782 probare,
273 2719 350 2762 non
373 2697 557 2763 adhibere
582 2697 731 2762 debent.

544 2856 618 2922 VII.

27 2974 56 3022 sc
67 2960 102 3016 ln
117 2960 200 3016 hisce
219 2959 313 3014 verbis
332 2959 475 3015 Ciceronis
494 2976 528 3014 ex
551 2961 679 3016 oratione
702 2959 834 3030 quinta
825 2979 856 3015 m
873 2962 989 3016 Verrem
1010 2961 1094 3015 ‘hanc

103 3030 164 3086 sibi
173 3030 386 3101 rempraesidio
397 3033 512 3102 sperant
521 3031 658 3113 futurum'
662 3048 769 3102 ,neque
779 3032 913 3088 mendum
927 3048 988 3086 esse
1003 3048 1094 3101 neque

101 3101 210 3157 vitium
229 3118 378 3171 errareque
396 3103 475 3170 istos,
495 3101 544 3171 qui
562 3102 651 3158 bonos
662 3075 758 3158 libros
772 3102 882 3158 violant
901 3104 930 3157 et
946 3102 1092 3157 ‘futuram’

104 3172 251 3240 scribunt;
272 3176 358 3255 atque
376 3173 418 3230 ibi
436 3146 475 3228 de’
491 3173 614 3243 quodam
634 3173 690 3228 alio
711 3173 854 3229 Ciceronis
872 3174 959 3228 verbo
979 3174 1094 3239 dictum,

103 3244 184 3316 quod
217 3215 286 3301 rdbe
302 3243 437 3326 scriptum
455 3261 604 3315 perperam
618 3247 757 3312 mutatur·
777 3247 806 3299 et
825 3261 940 3314 aspersa
952 3261 1045 3314 pauca
1060 3244 1094 3298 de

27 3337 54 3380 ss
102 3316 215 3373 mod
218 3314 426 3385 enumerisque
440 3316 586 3385 orationis,
606 3332 676 3385 quos
692 3287 789 3371 Cicdro
804 3315 888 3372 avide
903 3318 1027 3370 sectatus
1043 3316 1094 3372 est

134 3408 183 3474 In
196 3408 377 3474 oratione
391 3405 595 3474 Ciceronis
615 3408 774 3493 quinta'
765 3430 805 3472 1n
818 3407 991 3492 Verrem,
1009 3407 1121 3471 libror

65 3503 238 3585 spectatae
257 3497 343 3583 fidei,
360 3497 575 3564 Tironiana
594 3521 671 3564 eura
690 3502 788 3581 atque
806 3496 979 3581 disciplina
998 3495 1096 3581 facto,

120 3613 241 3656 (tuamve.
888 3677 893 3688 Ι
916 3606 934 3653 4
