2392 3886
106 146 174 213 154
538 148 585 204 1v.
600 130 640 205 rr.
658 166 685 204 v.

584 345 641 411 IV.

106 467 180 534 Quid
198 467 311 522 Servius
331 466 471 537 Sulpicius
490 467 521 521 in
539 467 625 535 libro,
645 468 695 536 qui
713 469 757 522 est
775 467 811 522 de
829 467 959 536 dotibus,
979 467 1125 537 scripserit

265 538 301 593 de
319 538 381 593 iure
400 540 488 607 atque
502 554 580 593 more
598 540 726 593 veterum
744 538 960 607 sponsaliorum.

83 674 96 723 1
175 663 347 750 Sponsalia
369 665 405 729 in
427 687 466 729 ea
487 670 581 750 parte
603 665 733 751 Italiae,
756 688 838 751 quae
861 664 994 731 Latium
1017 668 1124 751 appel-

104 755 201 839 latur,
219 755 282 820 hoc
300 757 502 836 moneatque
520 754 591 818 iure
610 754 708 819 solita
721 754 801 840 fieri,
820 755 951 839 scripsit
966 753 1123 820 Servius
1151 777 1164 817 s

106 841 308 927 Sulpicius
343 842 384 906 in
419 842 536 928 libro,
573 864 668 927 quem
705 843 836 927 scripsit
873 844 915 907 de
952 844 1124 908 dotibus:

78 929 177 1007 acui
200 952 370 1015 uxorem,
395 930 516 1014 inquit,
539 931 725 996 ducturus
749 936 845 1016 erat,
872 932 918 996 ab
947 954 1003 1015 eo,
1025 933 1124 997 unde

104 1019 276 1085 ducenda
316 1023 418 1104 erat,
463 1019 743 1104 stipulabatur,
788 1042 868 1084 eam
912 1021 953 1084 in
993 1021 1125 1086 matri-

104 1107 273 1173 monium
304 1107 328 1192 †
360 1106 563 1173 ducturum
591 1107 650 1173 iri.
705 1105 775 1173 (lui
807 1109 993 1174 ducturus
1027 1115 1125 1194 erat,

104 1197 240 1261 itidem
258 1196 482 1281 spondebat.
518 1196 557 1260 Is
576 1201 801 1262 contractus
821 1197 1124 1285 stipulationum
1139 1221 1164 1260 ro

106 1285 434 1370 sponsionumque
471 1285 674 1351 dicebatur
711 1285 948 1371 ‘sponsalia'.
1007 1286 1126 1371 Tunc,

105 1396 200 1458 quae
223 1374 417 1459 promissa
439 1378 535 1458 erat,
559 1373 722 1460 ‘sponsa'
748 1374 1036 1468 appellabatur,
1059 1377 1124 1460 qui

106 1463 368 1548 spoponderat
391 1464 610 1552 ducturum,
637 1463 836 1549 ‘sponsue’.
883 1462 955 1529 Sed
979 1465 1124 1550 sipost

105 1573 168 1616 eas
202 1551 476 1637 stipulationis
512 1573 609 1618 uxor
640 1573 717 1617 non
753 1553 918 1618 dabatur
951 1558 1017 1618 aut
1047 1574 1124 1618 non

104 1641 333 1727 ducebatur,
356 1640 421 1725 qui
440 1641 724 1727 stipulabatur,
747 1663 791 1707 ex
809 1664 954 1727 sponsu
973 1643 1122 1729 agebat.
1138 1662 1163 1704 15

104 1729 258 1796 Iudices
277 1731 577 1817 cognoscebant.
613 1730 749 1815 Iudex,
772 1732 1019 1817 quamobrem
1033 1731 1124 1796 data

104 1823 311 1904 acceptave
334 1840 410 1884 non
432 1823 539 1885 esset
561 1840 675 1904 uxor,
697 1820 920 1904 quaerebat.
959 1818 1000 1885 Si
1022 1819 1123 1885 nihil

104 1907 232 1973 iustae
260 1929 398 1973 causae
420 1908 640 1992 videbatur,
668 1907 784 1972 litem
811 1909 978 1992 pecunia
1005 1910 1123 1974 aesti-

103 1996 250 2081 mabat,
295 1997 511 2082 quantique
552 1995 794 2061 interfuerat
839 2019 920 2063 eam
964 2020 1123 2064 uxorem

95 2084 230 2169 'accipi
254 2088 320 2148 aut
338 2084 434 2171 dari,
457 2106 555 2169 eum,
577 2084 642 2168 qui
661 2085 938 2172 spoponderat,
962 2087 1036 2172 [ei,]
1058 2088 1122 2172 qui
1137 2106 1163 2146 so

105 2172 318 2257 stipulatus
341 2177 438 2259 erat,
460 2173 753 2255 condemnabat.

78 2277 94 2325 3
171 2260 243 2326 Hoc
270 2261 322 2325 ius
353 2261 593 2346 sponsaliorum
622 2262 831 2327 observatum
860 2263 939 2328 dicit
963 2260 1121 2328 Servius

105 2349 146 2414 ad
172 2350 207 2414 id
233 2354 377 2435 tempus,
404 2371 468 2434 quo
496 2350 612 2415 civitas
639 2350 791 2416 universo
819 2349 915 2416 Latio
942 2352 1014 2437 lege
1038 2351 1121 2416 Iulia

77 2439 181 2503 4data
209 2442 268 2503 est.
313 2437 405 2504 Haec
432 2439 545 2503 eadem
567 2437 753 2504 Neratius
783 2440 915 2524 scripsit
936 2440 976 2504 in
1005 2439 1122 2524 libro,

105 2548 202 2611 quem
225 2527 268 2592 de
291 2527 442 2612 nuptiis
466 2526 658 2611 composuit.
1135 2546 1161 2586 ss

590 2752 631 2821 V.

103 2878 231 2934 Historia
252 2880 368 2933 narrata
390 2877 426 2931 de
448 2876 569 2946 perfidia
590 2876 753 2947 aruspicum
770 2876 964 2943 Etruscorum
989 2876 1119 2945 quodque

140 2950 176 3004 ob
195 2966 259 3004 eam
280 2966 340 3004 rem
357 2965 455 3004 versus
477 2947 525 3002 hic
544 2965 561 3002 a
578 2947 674 3019 pueris
691 2947 799 3003 Romae
817 2949 886 3003 urbe
908 2950 971 3003 tota
989 2949 1119 3002 cantatus

140 3024 184 3074 est
204 3020 322 3073 ‘Malum
340 3019 490 3074 consilium
508 3019 664 3074 consultori
680 3017 835 3089 pessimum
854 3020 919 3074 est'.

80 3159 93 3207 1
174 3144 290 3211 Statua
311 3145 436 3211 Romae
462 3145 499 3209 in
527 3145 661 3210 comitio
688 3146 798 3230 posita
820 3145 951 3211 Horatii
975 3143 1120 3228 Coclitis,
1134 3163 1160 3202 ³0

78 3235 277 3299 afortissimi
299 3234 372 3320 viri,
397 3235 435 3299 de
460 3234 549 3299 caelo
572 3238 662 3299 tacta
685 3239 743 3299 cst.
790 3233 840 3298 Ob
863 3234 898 3299 id
920 3233 1031 3321 fulgur
1053 3234 1120 3318 pia-

105 3323 186 3389 culis
204 3323 359 3388 luendum
377 3322 542 3407 aruspices
557 3343 596 3386 ex
610 3322 745 3387 Etruria
758 3323 854 3388 acciti
867 3322 1002 3388 inimico
1022 3327 1119 3408 atque

104 3412 219 3478 hostili
240 3413 276 3476 in
298 3412 456 3497 populum
473 3410 659 3476 Romanum
678 3411 786 3476 animo
808 3411 1030 3495 instituerant,
1048 3433 1120 3475 eam

81 3500 176 3567 arem
200 3501 372 3568 contrariis
390 3499 604 3586 religionibus
622 3519 806 3584 procurare,
829 3505 927 3586 atque
945 3500 1038 3565 illam
1056 3505 1121 3564 sta·
