2392 3886
102 141 167 205 134
560 138 607 193 111·
627 156 653 194 ¹·

99 303 310 388 septenarius,
333 302 361 366 si
384 303 425 367 ab
449 322 514 366 ιιιιο
537 300 716 388 profectus,
742 300 818 365 dum
842 300 882 365 ad
905 301 1116 386 semetipsum

97 392 266 478 progredit
267 414 314 475 ur,
338 412 449 456 omnes
451 413 539 476 ,per
562 411 644 476 quos
664 411 858 476 progressus
881 394 941 474 est,
962 411 1115 455 numeros

98 443 381 635 comprehendat
372 502 542 565 ipsumque
567 502 600 544 se
619 478 726 563 addat,
748 478 828 544 facit
845 500 1017 543 numerum
1042 485 1115 545 octo

73 573 132 634 tet
154 569 260 655 vigint
260 570 286 654 i,
316 573 397 655 quot
424 569 491 633 dies
520 573 596 632 sunt
582 567 776 633 tcurriculi
803 567 934 632 lunaris.
980 566 1044 632 Ad
1055 567 1117 632 ho-

97 657 201 722 mines
235 680 362 744 quoque
395 657 574 723 nascendos
605 656 672 721 vim
703 656 831 721 numeri
861 656 957 720 istius
990 656 1116 743 porrigi
1144 672 1157 712 5

96 746 321 832 pertinereque
342 746 400 811 ait:
412 745 519 810 Nam
542 768 625 811 cum
647 744 688 809 in
710 749 863 809 uterum
867 744 1015 846 ,inquit
1039 768 1117 810 mu·

96 835 208 899 lieris
228 835 400 920 genitale
421 856 549 899 semen
567 834 698 898 datum
717 838 789 918 est,
810 833 948 918 primis
968 838 1117 917 septem

97 923 233 988 diebus
253 924 513 1008 conglobatur
527 922 835 1008 coagulaturque
850 921 976 1007 fitque
997 922 1042 987 ad
1056 945 1117 988 ca-

96 1011 278 1095 piendam
296 1011 465 1098 figuram
482 1012 669 1077 idoneum.
706 1010 801 1075 Post
820 1010 956 1075 deinde
977 1015 1116 1095 quarta

96 1100 346 1185 hebdomade,
383 1101 483 1186 quod
518 1100 601 1166 eius
638 1098 752 1164 virile
794 1121 903 1165 secus
941 1098 1116 1166 futurum
1131 1117 1158 1156 10

96 1193 169 1272 est,
193 1193 365 1273 caputet
384 1189 508 1275 spina,
532 1210 627 1274 quae
646 1194 705 1253 est
722 1188 763 1252 in
781 1188 911 1274 dorso,
928 1188 1116 1254 informa·

96 1280 167 1341 tur.
222 1275 395 1363 Septima
427 1282 555 1342 autem
587 1277 668 1342 fere
700 1277 951 1362 hebdomade,
983 1277 1022 1342 id
1055 1283 1116 1344 cst

96 1386 196 1429 nono
212 1370 250 1430 et
269 1366 566 1453 quadragesimo
580 1365 654 1450 die,
673 1370 795 1452 totus,
812 1367 929 1452 inquit,
946 1367 1060 1431 homo
1075 1367 1116 1430 in

70 1457 209 1518 eutero
234 1454 461 1520 absolvitur.
507 1455 603 1520 illam
626 1476 754 1541 quoque
777 1455 844 1520 vim
866 1455 994 1520 numeri
1016 1454 1114 1520 huius

87 1543 303 1608 'observatam
320 1542 430 1630 refert,
441 1574 442 1577 ¹
453 1545 539 1631 quod
558 1549 633 1609 ante
651 1566 796 1609 mensem
815 1544 991 1628 septimum
1009 1566 1114 1630 neque
1130 1560 1157 1601 15

96 1653 165 1696 mas
195 1652 299 1718 neque
332 1632 453 1699 femina
483 1633 657 1699 salubriter
686 1655 723 1699 ac
757 1633 934 1699 secundum
962 1637 1116 1698 naturam

95 1721 186 1787 nasci
208 1726 319 1807 potest
341 1727 374 1787 et
398 1722 484 1808 quod
506 1722 551 1808 hi,
574 1722 629 1808 qui
651 1721 830 1787 iustissime
853 1721 889 1786 in
911 1726 1005 1787 utero
1029 1727 1115 1806 sunt,

95 1814 172 1894 post
198 1811 355 1877 ducentos
384 1811 593 1898 septuaginta
622 1815 688 1876 tres
720 1810 804 1895 dies,
832 1815 1008 1896 postquam
1038 1815 1115 1874 sunt

96 1899 254 1984 concepti,
273 1900 521 1986 quadragesima
538 1899 680 1985 denique¹
694 1899 895 1964 hebdomade
913 1899 962 1964 ita
979 1921 1115 1964 nascun-

70 1990 158 2050 etur.
204 1986 354 2053 Pericula
384 2010 511 2074 quoquc
541 1987 627 2052 vitae
657 1986 925 2073 fortunarumque
952 1987 1115 2073 omnium,
1130 2005 1158 2044 20

97 2095 179 2158 quae
212 2074 439 2142 ‘climacteras'
472 2073 657 2141 Chaldaei
689 2076 868 2162 appellant,
905 2076 1114 2162 gravissimos

57 2183 87 2233 ιο
97 2185 242 2248 quosque
272 2164 343 2228 fieri
373 2170 445 2250 sept
431 2165 583 2229 tenarios.
627 2163 763 2230 Praeter
791 2164 853 2231 hoc
881 2165 1013 2229 modum
1044 2187 1114 2230 esse

97 2250 176 2317 dicit
162 2256 377 2318 tsummum
409 2253 612 2319 adolescendi
644 2253 779 2321 humani
811 2253 956 2339 corporis
990 2259 1115 2339 septem

54 2359 86 2410 11
96 2340 202 2425 pedes
239 2339 333 2416 Quod
352 2364 422 2406 esse
440 2342 546 2428 magis
564 2364 677 2407 verum
696 2343 782 2407 arbit
768 2347 893 2407 tramur
912 2365 1010 2444 quam
1029 2343 1115 2428 quod

96 2427 271 2493 Herodot
257 2433 333 2514 tus,
350 2429 450 2496 homo
464 2431 666 2516 fabulator,
656 2453 697 2495 ιιι
714 2431 838 2517 primo
856 2430 938 2496 hist
924 2431 1113 2496 toriarum
1128 2446 1156 2487 25

96 2516 265 2582 inventum
288 2541 358 2583 esse
383 2520 481 2585 subt
467 2525 554 2585 terra
577 2482 708 2605 scripsit
731 2518 840 2584 Oresti
863 2541 980 2605 corpus
1004 2519 1116 2585 cubita

96 2605 312 2691 longitudinis
339 2607 463 2673 habens
491 2613 563 2694 sept
557 2630 645 2710 Mem,
656 2631 738 2694 quae
766 2608 891 2674 faciunt
877 2609 1015 2692 tpedes
1038 2608 1115 2673 duo·

97 2694 201 2765 decim
224 2699 257 2760 et
280 2697 506 2782 quadrantem,
532 2697 596 2762 nisi
620 2696 661 2781 si,
688 2701 726 2762 ut
711 2696 938 2762 tHomerus
962 2697 1114 2781 opinatus

96 2787 160 2868 est,
188 2785 331 2850 vastiora
353 2785 594 2871 prolixioraque
621 2784 754 2851 fuenmt
782 2807 918 2871 corpora
944 2785 1114 2850 hominum

96 2871 318 2957 antiquiorum
350 2879 383 2939 et
412 2896 512 2959 nunc,
544 2873 638 2959 quasi
669 2874 735 2940 iam
766 2875 888 2941 mundo
918 2878 1115 2959 senescente,
1128 2889 1156 2929 ⁸0

53 2978 204 3029 lacerum
227 2967 324 3047 atque
347 2963 518 3028 hominum
536 2963 741 3028 decrementa
764 2969 848 3029 sunt.
889 2962 1013 3029 Dentes
1037 2984 1114 3047 quo-

96 3070 158 3133 que
181 3054 215 3115 et
232 3049 268 3114 in
285 3057 411 3136 septem
429 3051 595 3117 mensibus
613 3052 728 3136 primis
747 3057 781 3117 et
799 3057 951 3138 septenos
970 3073 1010 3116 ex
1027 3055 1114 3116 utra·

96 3159 158 3222 que
172 3143 264 3223 parte
280 3138 372 3226 gigni
389 3139 435 3204 ait
449 3144 483 3205 et
501 3140 613 3205 cadere
628 3141 722 3205 annis
737 3141 884 3226 septimis
903 3145 936 3205 et
955 3139 1113 3226 genuinos

53 3245 86 3296 13
97 3226 228 3292 adnasci
251 3227 344 3292 annis
363 3227 430 3293 fere
449 3228 500 3293 bis
520 3228 671 3329 septenis,
708 3228 817 3295 Venas
841 3229 941 3294 etiam
958 3229 994 3293 in
1011 3227 1114 3293 homi-

95 3314 206 3398 nibus,
229 3316 280 3380 vel
302 3321 361 3400 pot
361 3316 413 3380 ius
437 3317 582 3400 arterias,
607 3317 748 3383 medicos
772 3318 914 3383 musicos
938 3316 1114 3383 dicere‘t
1068 3321 1114 3382 a1t
1127 3332 1153 3373 ³5

95 3424 230 3468 numero
259 3405 382 3469 moveri
411 3369 608 3491 septenario,
638 3406 763 3491 quod
753 3406 818 3493 ipsi
845 3405 1050 3491 appellant
1052 3406 1114 3488 τὴν

97 3491 153 3556 διὰ
175 3495 345 3576 τεσσάρων
369 3493 591 3578 ovppovcuv',
617 3517 698 3579 quae
721 3495 791 3559 fit
781 3517 817 3559 ιιι
840 3494 1013 3560 collatione
1037 3517 1113 3579 qua-
