2392 3886
344 109 521 165 CAPITVLA
540 108 609 166 mn.
627 110 726 168 XVIII.
746 112 817 169 XIX.
1047 117 1091 184 35

136 279 218 339 VIH.
251 273 471 357 Ὁμοιοτέλευτα
489 283 519 339 et
538 273 722 356 ὁμοιόπτωτα
740 286 831 359 atque
855 283 916 343 alia
934 284 965 344 id
983 304 1088 367 genua,

62 388 147 446 quae
167 371 344 429 ornamenta
363 369 508 429 orationis
524 371 681 447 putantur,
700 370 804 446 inepta
822 389 886 432 esse
905 377 936 432 et
949 376 1088 456 puerilia,

61 459 168 517 Lucili
192 477 310 534 quoque
333 457 472 517 versibus
495 456 648 517 declarari.

135 548 187 606 IX.
220 546 299 617 Quid
322 546 472 623 significet
499 545 580 623 apud
599 546 638 606 M.
654 546 800 607 Catonem
826 549 953 610 verbum
976 545 1086 614 ‘inss-

64 630 206 712 cenda’3
226 634 366 713 quodque
384 629 610 695 ‘insecenda’
629 636 731 712 potins
750 636 913 715 legendum
931 641 972 698 sit
986 660 1086 721 quem,

64 724 149 801 quod
172 725 308 801 plerique
331 724 513 802 existimant,
536 718 751 801 ‘insequenda'.

134 814 171 873 X.
212 813 323 872 Errare
353 813 441 889 istos,
473 813 526 890 qui
557 813 589 871 in
618 813 802 889 exploranda
832 814 910 874 febri
941 836 1087 878 venarum

64 903 175 978 pulsus
197 902 394 978 pertemptari
416 904 537 978 putant,
559 921 619 961 non
642 903 830 964 arteriarum.

133 991 185 1050 XI.
213 991 314 1050 Verba
336 1009 372 1050 ex
395 990 579 1049 carminibus
601 990 675 1050 Furi
693 991 827 1052 Antiatis
848 993 955 1053 inscite
974 1014 993 1054 a
1011 995 1084 1056 Cae-

63 1080 153 1139 sellio
177 1079 303 1139 Vindice
329 1079 523 1156 reprehensa3
554 1097 718 1156 versusque
746 1081 818 1158 ipsi,
850 1082 882 1140 in
911 1084 1021 1159 quibus
1049 1104 1085 1145 oa

62 1169 159 1229 verba
182 1172 261 1241 sunt,
284 1168 454 1245 subscripti.

132 1257 199 1316 XII.
244 1257 359 1317 Morem
389 1257 484 1317 istum
515 1256 669 1316 veteribus
705 1259 816 1319 nostris
848 1259 955 1337 fuisse,
991 1262 1084 1322 verba

61 1345 201 1421 patiendi
223 1348 341 1405 mutare
364 1363 399 1405 ae
420 1348 539 1405 vertere
562 1345 594 1403 in
617 1345 726 1423 agendi
749 1349 879 1408 modum.

131 1434 213 1494 XIII.
256 1433 346 1504 Quali
374 1433 488 1493 talione
515 1432 666 1511 Diogenes
697 1436 895 1513 philosophus
927 1456 1002 1497 usus
1034 1440 1083 1517 sit,

61 1525 287 1599 pertemptatus
310 1542 329 1582 a
351 1522 509 1582 dialectieo
536 1522 668 1600 quodam
695 1525 891 1601 sophismatio
914 1526 1081 1603 inpudenti.

130 1611 210 1671 XIV.
243 1610 323 1681 Quid
340 1611 380 1670 sit
397 1629 541 1670 numerus
560 1604 749 1690 ‘hemiolios'‚
768 1614 841 1690 quid
859 1608 1033 1693 ‘epitritos'3
1052 1621 1083 1676 et

61 1699 144 1776 quod
167 1699 315 1760 vocabula
336 1701 396 1760 ista
417 1719 478 1760 non
499 1699 588 1759 facile
606 1701 702 1760 nostri
725 1702 791 1760 ausi
815 1706 887 1762 sunt
909 1707 1082 1765 convertere

59 1789 92 1846 in
115 1788 254 1868 linguam
275 1789 423 1849 Latinam.
480 1798 483 1804 “

129 1877 194 1937 XV.
233 1877 320 1948 Quod
346 1878 385 1938 M.
402 1877 498 1937 Varro
526 1878 558 1936 in
585 1877 685 1938 herois
712 1879 849 1939 versibus
877 1879 1082 1942 observaverit

58 1987 126 2027 rem
148 1966 238 2026 nimis
261 1967 367 2027 anxiae
390 1969 421 2026 et
444 1965 579 2026 curiosae
604 1967 830 2028 observationis.

241 2124 456 2202 [ominus
477 2125 589 2185 amar
610 2124 711 2186 nour
733 2126 898 2205 onoma]

127 2231 165 2309 [I.
198 2233 363 2309 Responsio
391 2232 548 2292 cuiusdam
574 2232 747 2309 philosophi
768 2235 960 2314 interrogati,
989 2256 1079 2314 quam

58 2321 95 2382 ob
119 2340 244 2381 oausam
265 2322 357 2382 maris
378 2324 559 2398 tempestate
582 2321 734 2398 palluerit.

124 2410 165 2470 ΙΙ.
194 2411 241 2469 Ex
259 2411 391 2489 quinque
411 2410 543 2486 corporis
562 2411 698 2471 sensibus
717 2411 792 2472 duos
812 2430 876 2472 esse
896 2430 965 2471 oum
978 2412 1077 2474 beluis

57 2500 188 2558 maxime
202 2517 387 2577 communes3
402 2498 542 2576 quodque
556 2501 654 2575 turpis
668 2503 699 2560 et
717 2500 854 2577 improba
868 2503 915 2560 est
925 2500 1077 2581 voluptas,

56 2607 135 2664 quae
160 2588 341 2667 exauditu,
364 2588 433 2648 visu
456 2587 643 2667 odoratuque
666 2590 815 2667 procedit,
844 2607 922 2666 quae
945 2608 1016 2651 vero
1040 2609 1076 2650 ex
1169 2614 1172 2619 ·

55 2680 152 2754 gustu
174 2680 320 2754 tactuque
347 2681 407 2754 est,
432 2695 535 2736 rerum
563 2678 696 2737 omnium
723 2678 897 2739 foedissima
919 2681 978 2757 est,
1007 2698 1076 2738 cum

54 2764 111 2825 hae
131 2765 211 2824 duae
229 2765 396 2826 bestiarum
420 2766 513 2825 etiam
531 2766 600 2844 sint,
623 2766 756 2843 reliquae
772 2767 930 2826 hominum
945 2770 1073 2828 tantum.

121 2853 178 2914 HI.
216 2853 301 2925 Quod
323 2856 444 2932 turpius
468 2858 527 2933 est,
549 2855 659 2933 frigide
682 2854 801 2914 laudari
824 2875 915 2934 quam
938 2857 1074 2916 acerbius

53 2943 230 3019 vituperari.

120 3031 174 3091 IV.
199 3031 399 3102 Quamobrem
415 3035 521 3093 venter
539 3032 696 3109 repentino
714 3031 824 3092 timore
842 3032 961 3111 effluat3
980 3052 1072 3110 quare

53 3120 147 3180 etiam
169 3121 251 3200 ignis
272 3121 392 3180 urinam
414 3121 551 3182 lacessat.

118 3210 156 3269 V.
194 3209 242 3268 Itx
268 3210 442 3270 Aristotelis
469 3210 554 3269 libris
582 3213 751 3288 sumptum,
779 3209 859 3287 quod
886 3209 964 3270 nivis
992 3229 1072 3287 aqua

51 3300 140 3375 potui
163 3299 295 3376 pessima
318 3299 372 3376 sit3
397 3303 427 3360 et
450 3299 530 3376 quod
553 3318 590 3358 ex
611 3299 680 3359 nive
704 3299 866 3376 crystallus
885 3302 1069 3359 concreatur.

117 3388 171 3448 VI.
207 3387 294 3459 Quod
315 3388 414 3464 pudor
438 3388 614 3467 sanguinem
637 3388 676 3448 ad
695 3391 797 3447 extera
816 3387 966 3468 diffundit,
979 3388 1071 3448 timor

50 3499 121 3540 vero
146 3477 308 3539 contrahit.

873 3574 909 3631 3*
