2356 3900
539 125 573 181 11.
592 144 664 180 mx.
1048 128 1112 194 113

87 313 157 376 que
189 290 334 355 colorum
364 289 560 354 discrimina.
605 285 707 372 Nam,
735 292 773 352 ut
796 288 876 354 alias
900 311 1013 354 eorum
1036 313 1110 357 con·
1138 303 1155 351 4

91 378 268 446 cinnitates
300 378 507 462 omittamus,
538 377 702 462 simplices
731 376 788 442 isti
818 377 910 442 rufus
938 384 971 443 εὴ
998 380 1110 446 viridis

92 468 220 535 colores
240 467 369 554 singula
389 466 520 552 quidam
534 465 702 550 vocabula,
721 465 841 531 multas
858 471 968 531 autem
987 469 1114 553 species

92 556 273 622 differentis
304 555 435 621 habent.
489 554 599 638 Atque
636 576 708 620 cam
745 575 863 621 vocum
898 555 1044 640 inopiam
1075 558 1111 622 in
1139 570 1155 619 5

64 646 209 731 elingua
233 645 338 730 magis
362 643 481 708 Latina
504 643 598 709 video
626 664 725 726 quam
747 643 783 707 in
806 642 937 709 Graeca.
985 644 1110 731 Quippe

93 734 152 818 qui
176 732 291 797 ‘rufus’
316 732 406 798 color
428 756 448 798 a
470 732 589 797 rubore
615 732 746 816 quidem
769 732 951 817 appellatus
973 739 1031 818 est,
1055 735 1111 800 sed

93 845 171 889 cum
194 822 289 887 aliter
312 822 428 887 rubeat
450 821 548 908 ignis,
571 820 666 886 aliter
690 821 833 908 sanguis,
857 821 952 887 aliter
969 844 1111 909 crocum,

93 912 156 976 lias
179 909 325 996 singulas
344 910 407 975 rufi
426 910 601 976 varietates
620 908 740 975 Latina
758 910 864 975 oratio
883 910 1021 997 singulis
1038 934 1111 998 pro-

93 1000 240 1085 priisque
254 999 421 1064 vocabulis
434 1020 502 1064 non
515 999 719 1064 demonstrat
737 999 910 1083 omniaque
927 1000 993 1066 ista
1013 1001 1112 1088 signi-

52 1111 81 1153 ro
94 1089 173 1156 ficat
193 1111 259 1153 una
273 1087 425 1153 ‘ruboris'
440 1087 668 1173 appellatione,
682 1110 757 1154 cum
770 1111 788 1149 a
802 1111 819 1149 *
833 1111 850 1150 a
865 1111 905 1153 ex
918 1089 999 1173 ipsis
1013 1091 1110 1156 rebus

95 1177 255 1244 vocabula
278 1177 425 1242 colorum
452 1181 622 1245 mutuatur
645 1181 678 1242 et
701 1176 857 1263 ‘igneum’
882 1177 1004 1261 aliquid
1032 1179 1112 1244 dicit

96 1272 129 1332 εὴ
153 1265 362 1331 ‘flammeum'
386 1271 418 1331 εὴ
442 1264 680 1352 ‘sanguineum'
705 1270 738 1330 et
761 1264 935 1331 ‘croceum'
955 1272 987 1331 et
1006 1267 1112 1334 ‘ostri-

95 1354 186 1420 num'
206 1359 240 1420 et
263 1354 429 1419 ‘aureum’.
453 1352 603 1419 ‘Russus'
623 1354 710 1419 enim
730 1355 871 1420 coloret
890 1354 1009 1420 ‘ruber’
1028 1356 1111 1421 nihil
1140 1368 1156 1418 6

97 1467 117 1508 a
140 1443 300 1519 vocabulo¹
323 1442 408 1508 ‘rufi'
437 1443 556 1509 diversi
583 1443 736 1508 dicuntur
762 1465 867 1527 neque
894 1445 1111 1529 proprietates

56 1553 83 1593 rs
97 1533 167 1597 eius
191 1554 303 1597 omnes
322 1532 503 1616 declarant,
526 1530 673 1610 ‘iovite’
698 1536 809 1596 autem
832 1537 865 1596 et
888 1532 1055 1618 ‘locuple'
1079 1538 1112 1599 et

97 1620 246 1706 ‘acopos’
270 1626 304 1686 et
332 1619 468 1705 ‘utpote'
498 1625 531 1685 et
559 1618 696 1704 ‘potori'
726 1620 846 1685 habere
875 1622 1032 1704 quasdam
1067 1623 1112 1686 di-

98 1709 236 1775 stantias
260 1709 378 1776 coloris
397 1710 460 1774 rufi
478 1709 637 1795 videntur,
655 1709 707 1774 vel
727 1714 883 1795 augentes
903 1731 977 1774 eum
995 1710 1046 1774 vel
1065 1732 1113 1775 re-

98 1799 265 1864 mittentes
288 1797 339 1863 vel
362 1797 465 1864 mixta
488 1798 627 1881 quadam
651 1798 757 1883 specie
777 1797 1026 1882 temperantes.

94 1902 101 1915 ·
165 1887 248 1952 Tum
270 1886 417 1952 Fronto
441 1887 481 1952 ad
499 1886 734 1952 Favorinum
754 1886 832 1951 ‘non
849 1886 983 1952 infitias'
1002 1887 1111 1971 inquit
1140 1899 1154 1948 7

57 1997 84 2037 so
99 1975 210 2060 imus,
237 1976 316 2059 quin
343 1976 456 2062 lingua
480 1974 617 2061 Graeca,
648 1997 746 2060 quam
774 1981 812 2041 tu
834 1975 942 2040 videre
966 1977 1112 2062 elegisse,

96 2065 256 2149 prolixior
274 2064 441 2148 fusiorque
469 2064 512 2128 sit
540 2085 638 2148 quam
657 2070 780 2150 nostra,
803 2065 914 2129 sedin
931 2064 983 2130 his
1002 2071 1113 2132 tamen

99 2153 271 2238 coloribus,
280 2153 397 2237 quibus
405 2154 502 2218 modo
511 2153 632 2239 dixisti,
640 2154 1112 2240 denominandis,nonproinde

97 2242 211 2326 inopes
235 2264 357 2326 sumus,
379 2247 417 2305 ut
440 2242 501 2306 tibi
525 2242 680 2307 videmur.
726 2242 804 2308 Non
826 2243 913 2309 enim
935 2243 1016 2308 haec
1035 2249 1112 2309 sunt
1139 2255 1156 2304 8

98 2330 168 2396 sola
190 2330 350 2416 vocabula
372 2330 482 2395 rufum
505 2332 647 2397 colorem
671 2332 941 2417 demonstrantia,
964 2353 1046 2416 quae
1075 2337 1113 2397 tu

58 2438 84 2479 25
98 2420 195 2484 modo
219 2420 340 2505 dixisti,
364 2418 500 2484 ‘rossus'
524 2425 563 2486 et·
581 2420 711 2505 ‘ruber',
740 2421 795 2485 sed
819 2420 883 2485 alia
906 2442 1034 2505 quoque
1057 2421 1113 2486 ha-

97 2510 212 2573 bemus
237 2510 333 2595 plura
369 2531 467 2593 quam
497 2530 579 2592 quae
610 2509 697 2575 dicta
724 2510 783 2574 abs
810 2514 843 2574 te
873 2507 996 2595 Graeca
1023 2515 1113 2574 sunt:

98 2595 230 2662 ‘fulvus'
254 2598 341 2663 enim
364 2603 397 2663 et
420 2596 546 2662 ‘flavus'
568 2603 601 2662 et
624 2597 782 2663 ‘rubidus'
806 2602 839 2663 εὴ
863 2596 1060 2682 ‘poeniceus'
1080 2603 1113 2663 et

99 2685 240 2750 ‘rutilus’
265 2692 298 2752 et
321 2685 452 2751 ‘luteus'
477 2692 510 2751 et
533 2686 670 2772 ‘spadix’
695 2685 930 2771 appellationes
954 2693 1030 2751 sunt
1050 2687 1113 2751 rufi

101 2775 233 2860 coloris,
252 2780 310 2840 aut
328 2780 480 2841 acuentes
504 2798 588 2861 eum,
612 2776 706 2860 quasi
723 2775 941 2859 incendentes,
960 2780 1017 2839 aut
1038 2798 1113 2840 cum

58 2882 85 2923 eo
99 2865 206 2930 colore
230 2864 326 2929 viridi
353 2864 527 2930 miscentes
556 2870 612 2929 aut
639 2864 735 2950 nigro
765 2863 965 2928 infuscantes
989 2870 1047 2928 aut
1069 2865 1114 2929 vi·

98 2954 183 3018 renti
202 2954 323 3019 sensim
343 2953 417 3019 albo
436 2953 667 3018 illuminantes.
695 2952 781 3017 Nam
797 2951 1003 3037 ‘poeniceus’,
1017 2975 1114 3037 quem
1142 2965 1158 3014 9

98 3047 136 3106 tu
167 3041 289 3109 Graece
313 3042 473 3127 ‘poturae’
498 3042 622 3127 dixisti,
649 3046 762 3106 noster
784 3046 835 3106 est
858 3046 891 3106 et
915 3041 1057 3106 ‘rutilus’
1081 3047 1114 3109 et

99 3130 253 3216 ‘spadix',
282 3131 429 3216 poenicei
459 3131 672 3216 συνώνυμος,
704 3130 760 3215 qui
790 3130 896 3195 factus
919 3133 963 3212 [e]
989 3129 1113 3198 Graeco

97 3225 211 3287 noster
228 3225 288 3306 cst,
306 3220 551 3286 exuberantiam
570 3220 838 3305 splendoremque
857 3219 1044 3305 significant
1063 3243 1115 3285 ru-

58 3327 84 3368 so
98 3309 198 3394 boris,
213 3310 324 3394 quales
339 3315 416 3374 sunt
429 3309 555 3376 fructus
569 3309 697 3394 palmae
716 3307 842 3374 arboris
858 3329 925 3372 non
940 3309 1114 3375 admodum

99 3399 167 3464 sole
185 3399 316 3483 incocti,
335 3399 419 3464 unde
438 3397 561 3484 spadici
580 3403 613 3463 εὴ
630 3397 786 3483 poeniceo
799 3418 920 3462 nomen
938 3402 1003 3462 est:
1020 3397 1113 3462 ‘aad
1124 3409 1158 3459 10

99 3487 186 3553 dcm'
210 3488 298 3554 enim
321 3486 457 3575 δωριστὶ
481 3492 599 3553 vocant
618 3487 766 3553 avrilsum
785 3508 802 3551 e
821 3485 932 3571 palma
949 3486 1114 3553 termitem

153 3600 268 3644 (lanatus.
938 3593 953 3644 8
