2356 3900
535 156 555 212 Ι.
574 176 615 212 111·
1038 157 1082 224 43

58 345 109 407 ea,
134 342 220 406 qnae
240 344 260 386 a
277 319 549 405 Theophrasto
571 320 771 404 pensiculate
794 326 891 405 atque
915 322 1081 388 enucleate

61 411 190 496 scripta
213 413 304 494 sunt,
327 412 481 474 executus
505 411 568 493 est,
592 409 648 473 sed
666 408 829 474 anxietate
852 410 909 475 illa
932 415 965 475 et
988 412 1081 495 qnasi

64 498 258 564 morositate
277 497 508 584 disputationis
526 497 765 582 praetermissa,
784 519 885 584 genus
903 499 1012 584 ipsum
1034 500 1081 565 rei

63 593 193 653 tantum
215 586 330 673 paucis
352 586 461 652 uerbis
488 585 624 650 notarit.
669 585 720 651 Ea
745 587 846 651 verba
868 585 1126 673 Ciceronis,13

36 677 91 741 ⁵si
113 698 283 743 reeensere
311 675 384 760 quis
407 675 518 760 vellet,
545 675 694 760 apposui:
741 674 823 740 ‘His
846 675 970 762 igitur
992 676 1082 741 fini-

62 766 134 830 bus
162 765 348 830 ntendnm
377 786 460 829 esse
490 764 678 848 arbitror,
696 769 752 849 ut,
779 786 862 830 cum
890 764 1081 830 emendati

62 875 189 919 mores
218 854 429 919 amicornm
457 858 560 938 sunt,
592 858 673 918 tum
705 853 757 917 sit
783 852 886 918 inter
914 874 978 918 eos
1007 875 1082 920 orn-

62 943 168 1008 nium
211 964 354 1027 rerum,
395 942 664 1026 consiliorum,
707 942 953 1007 voluntatum
997 943 1080 1008 sine

63 1031 144 1096 ulla
167 1031 398 1115 exceptione
427 1030 697 1115 communitas,
724 1035 765 1095 ut
793 1030 923 1116 etiam,
951 1031 1081 1116 siqua

36 1119 229 1185 aforruna
252 1119 453 1204 acciderit,
480 1125 523 1185 ut
551 1119 677 1184 minus
705 1119 831 1184 iustae
854 1120 1080 1185 voluntates

10 1288 13 1293 Ι
64 1209 278 1274 amicorum
310 1208 548 1273 adiuvandae
581 1208 675 1293 sint,
711 1208 750 1272 in
780 1207 920 1292 quibus
950 1230 1080 1273 eorum

61 1302 131 1363 aut
165 1301 284 1382 caput
321 1301 460 1384 agatur
491 1301 557 1362 aut
589 1297 703 1382 fama,
735 1296 1004 1362 declinandum
1035 1298 1079 1363 de

10 1394 15 1433 ἱ
63 1386 122 1451 uia
157 1386 225 1470 sit,
257 1385 367 1450 modo
394 1408 440 1451 ne
473 1408 617 1450 summa
648 1386 852 1470 turpitudo
882 1391 1079 1472 sequatur,

10 1470 14 1559 ’1
62 1480 121 1539 est
139 1474 256 1561 enim,
271 1479 462 1559 quatenus
481 1474 680 1539 amicitiae
699 1475 812 1540 venia
830 1475 913 1539 dari
931 1477 1078 1560 possit'

10 1562 52 1627 51⁵
128 1561 232 1629 ‘Cum
259 1563 389 1650 agetur'
416 1563 524 1648 inquit
552 1562 627 1628 ‘aut
654 1568 751 1649 capnt
779 1563 875 1630 amici
903 1570 961 1629 aut
982 1563 1080 1650 fama,

60 1653 291 1718 declinandum
313 1658 365 1718 est
382 1653 420 1718 de
443 1653 505 1738 via,
527 1657 565 1717 nt
583 1652 683 1718 etiam
706 1653 854 1737 iniquam
876 1653 1079 1718 voluntatem

61 1740 152 1806 illius
177 1741 380 1807 adiutemus’.
427 1739 490 1806 Sed
518 1741 699 1807 cuiusmodi
722 1741 897 1807 declinatio
921 1737 1127 1813 6666161614Ι

62 1830 180 1896 debeat
198 1831 368 1916 qualisque
387 1831 429 1895 ad
442 1831 659 1896 adiuvandum
673 1830 833 1918 digressio
853 1829 939 1893 etin
957 1834 1079 1913 quanta

61 1919 242 1985 voluntatis
275 1920 376 1986 amici·
399 1919 586 2005 iniquitate,
615 1941 683 1984 non
710 1919 797 1985 dicit.
853 1917 937 1994 Quid
969 1923 1079 1984 autern
1091 1943 1123 1992 15

24 2025 49 2065 uo
61 2008 164 2072 refert
182 2008 264 2073 scire
284 2031 334 2074 me
353 2009 388 2073 in
406 2008 564 2074 eiusmodi
582 2009 734 2093 periculis
754 2009 942 2093 amicorum,
966 2008 994 2073 si
1012 2030 1078 2074 non

60 2119 183 2183 magna
206 2120 257 2163 me
280 2097 448 2182 turpitudo
466 2099 653 2163 insecutura
675 2103 735 2182 est,
758 2098 796 2162 de
819 2098 872 2163 via
895 2121 965 2163 esse
988 2104 1078 2164 recta

61 2187 299 2272 declinandum,
320 2187 385 2251 nisi
407 2186 441 2250 id
464 2209 591 2272 quoque
615 2209 666 2251 me
686 2187 840 2272 docuerit,
864 2209 962 2272 quam
984 2193 1078 2272 putet

61 2300 218 2365 magnam
235 2276 479 2362 turpitudinem,
497 2282 530 2340 et
549 2299 623 2341 cum
641 2277 808 2341 decessero
828 2277 866 2341 de
880 2277 942 2361 via,
961 2298 1078 2360 quous-

61 2389 124 2451 que
159 2367 291 2452 degredi
322 2365 479 2431 debeam?
529 2365 603 2430 ‘nst
635 2364 733 2430 enim'
765 2365 874 2449 inquit
906 2365 1076 2449 ‘quatenus

24 2456 131 2520 aduri
161 2455 323 2520 amicitiae
350 2454 445 2519 venia
471 2453 597 2539 possit’.
651 2452 724 2518 Hoc
755 2454 856 2519 immo
882 2454 991 2539 ipsum
1019 2459 1122 2538 estro

61 2545 149 2629 quod
172 2544 312 2609 maxime
335 2543 523 2608 discendum
547 2547 596 2607 est
620 2544 768 2627 quodque
792 2544 833 2608 ab
857 2543 922 2627 his,
945 2543 1001 2626 qui
1025 2543 1079 2606 do-

60 2639 150 2718 cent,
177 2633 310 2697 minime
335 2632 465 2716 dicitur,
493 2637 653 2716 quatenus
677 2653 804 2717 quaque
826 2632 884 2696 fini
908 2631 978 2696 dari
1002 2632 1079 2696 ami·

60 2723 158 2788 citiae
182 2722 276 2787 venia
294 2722 418 2787 debeat.
460 2718 574 2785 Ohilo
597 2721 652 2785 ille
672 2721 810 2806 sapiens,
833 2721 871 2785 de
896 2721 1122 2805 (1661661611

60 2816 136 2876 ante
159 2811 242 2896 dixi,
269 2809 480 2876 conservandi
508 2810 605 2875 amici
628 2832 726 2875 causa
753 2810 791 2875 de
814 2809 868 2873 via
895 2809 1078 2874 declinavit.

24 2898 125 2964 used
147 2900 253 2985 video,
276 2920 443 2984 quousque
466 2919 658 2986 progressus
682 2899 739 2984 sit3
766 2898 886 2962 falsum
909 2898 996 2962 enim
1018 2919 1078 2982 pro

59 2989 157 3055 6111161
181 2989 287 3053 salute
306 2989 478 3054 consilium
502 2988 597 3053 dedit.
633 2988 672 3052 Id
688 2988 798 3071 ipsum
821 2992 932 3051 tamen
955 2986 991 3050 in
1012 2988 1122 3056 1111618

59 3099 189 3162 quoqne
221 3077 322 3162 uitae,
359 3101 401 3142 an
431 3078 501 3141 iure
529 3081 641 3163 posset
668 3075 859 3160 reprehendi
890 3075 1078 3160 culparique

58 3167 232 3232 dubitavit.

125 3253 264 3321 ‘contra
281 3255 445 3341 patriam',
466 3255 574 3339 inquit
597 3253 733 3320 Cicero
739 3305 747 3338 ,
771 3254 875 3318 ‘arma
892 3275 952 3338 pro
974 3253 1078 3317 amico

23 3361 47 3403 u
60 3346 218 3411 sumenda
243 3365 312 3409 non
344 3343 440 3408 sunt’.
496 3344 568 3409 Hoc
596 3343 743 3428 profecto
775 3365 871 3407 nemo
904 3341 1079 3428 ignoravit,
1093 3361 1122 3408 19

59 3440 91 3499 et
109 3434 315 3522 ‘priusquam
334 3433 556 3520 Theognis’,
579 3433 665 3516 quod
683 3431 859 3497 Lucilius
879 3431 936 3515 ait,
959 3429 1079 3493 ‘nasce-

59 3523 166 3590 retur'.
221 3521 279 3589 set
305 3522 340 3587 id
368 3544 503 3607 quaero,
528 3523 562 3586 id
590 3521 750 3585 desidero:
780 3543 855 3586 cum
881 3541 942 3604 pro
973 3518 1078 3582 amico
