2392 3886
112 139 155 204 62
543 135 563 189 1.
582 154 637 190 xiv.
656 154 700 191 xv.

579 297 666 363 XIV.

112 421 185 489 Quid
199 419 303 475 dixerit
312 419 466 490 feceritque
482 417 509 474 Ο.
520 418 675 486 Fabricius,
690 434 796 488 magna
808 415 853 472 vir
861 416 957 486 gloria
965 416 1122 487 magnisque

147 493 231 548 rebus
241 491 340 562 gestis,
355 492 405 546 sed
419 489 546 545 familiae
559 490 755 560 pecuniaeque
763 488 856 560 inops,
871 504 938 543 cnm
952 488 982 543 ei
991 487 1122 544 Samnites

149 567 296 633 tamquam
313 561 456 632 indigenti
474 578 560 631 grave
580 578 680 615 aurum
697 561 845 615 donarent
872 631 875 639 ,

87 716 99 762 1
179 692 305 757 lulius
335 690 513 776 Hyginus
546 689 587 754 in
615 689 719 753 libro
750 689 793 752 de
822 687 907 752 vita
938 686 1147 771 0010000001

112 782 341 847 inlustrium
367 779 541 844 virorum
571 784 680 843 sexto
708 778 836 864 legatos
859 776 941 842 dicit
966 798 987 841 a
1010 775 1122 842 Samni-

112 872 201 936 tibus
230 870 270 934 ad
298 868 332 933 O.
356 868 556 952 Fabricium,
583 868 814 953 imperatorem
840 865 955 951 populi
984 864 1123 951 Romani,

111 959 238 1024 venisse
267 963 300 1021 et
328 957 516 1021 memoratis
547 957 660 1021 multis
687 955 879 1042 magnisque
907 954 1024 1040 rebus,
1053 975 1122 1039 quae

112 1049 193 1113 bene
217 1070 254 1112 ac
277 1046 426 1111 benivole
448 1050 524 1130 post
547 1046 707 1111 redditam
724 1066 839 1130 pacem
862 1041 1067 1108 Samnitibus
1086 1043 1122 1108 fe

112 1137 223 1221 cisset,
257 1135 415 1201 obtulisse
445 1135 530 1198 dono
561 1135 717 1220 grandem
747 1132 919 1219 pecuniam
949 1144 1147 1217 orasseque,1⁸

111 1226 161 1289 uti
192 1225 352 1309 acciperet
381 1228 605 1308 utereturque,
637 1228 734 1307 atque
766 1222 800 1287 id
829 1221 937 1287 facere
969 1219 1123 1286 Samnites

111 1314 240 1399 dixisse,
264 1314 350 1397 quod
368 1313 514 1377 uiderent
535 1312 640 1376 multa
659 1313 699 1377 ad
722 1311 927 1396 splendorem
945 1311 1063 1375 domus
1085 1314 1124 1376 at

112 1425 174 1487 que
197 1403 303 1467 victus
328 1402 438 1466 defieri
460 1422 564 1485 neque
586 1423 647 1487 pro
672 1399 883 1485 amplitudine
907 1398 1124 1485 dignitateque

85 1492 238 1560 alautum
259 1495 411 1576 paratum
435 1511 513 1554 esse.
559 1490 643 1555 Tum
667 1489 854 1554 Fabricium
876 1489 994 1573 planas
1017 1509 1123 1554 manau

112 1582 152 1646 ab
173 1581 304 1646 auribus
325 1580 365 1645 ad
388 1578 499 1643 oculos
519 1583 551 1642 01
574 1579 660 1644 infra
683 1579 832 1662 deinceps
852 1578 893 1642 ad
915 1599 1013 1643 nares
1036 1583 1070 1644 et
1090 1575 1150 1642 ad¹⁸

112 1692 148 1735 os
176 1671 273 1735 etad
301 1671 412 1756 gulam
440 1672 537 1751 atque
559 1666 635 1732 inde
662 1688 760 1754 porro
789 1667 829 1732 ad
852 1670 1003 1733 ventrem
1028 1667 1125 1732 imum
1163 1696 1165 1703 ·

112 1760 281 1825 deduxisse
300 1764 333 1824 et
351 1757 470 1845 legatis
488 1757 537 1821 ita
555 1757 773 1842 respondisse:
797 1756 874 1821 dum
891 1754 960 1820 illis
981 1756 1124 1823 omnibus

111 1849 281 1933 membris,
318 1871 400 1932 quae
433 1846 613 1933 attigisset,
647 1846 806 1911 obsistere
839 1849 938 1928 atque
971 1845 1125 1930 imperare

110 1944 236 2023 posset,
262 1960 440 2021 numquam
468 1936 642 2020 quicquam
670 1936 870 2020 defirturum3
896 1939 1073 2019 propterea
1096 1953 1125 1997 se

110 2028 295 2111 pecuniam,
324 2048 388 2109 qua
414 2025 497 2089 nihil
521 2024 584 2089 sibi
612 2029 699 2089 esset
725 2045 817 2109 usus,
845 2023 886 2087 ab
914 2020 983 2109 his,
1013 2022 1152 2107 quibus»

111 2137 183 2180 eam
207 2115 304 2180 sciret
327 2114 401 2178 usui
425 2135 504 2199 esse,
526 2135 593 2178 000
616 2114 769 2199 accipere.

586 2307 657 2373 XV.

112 2430 201 2498 Quam
219 2428 402 2511 inportunum
416 2428 518 2483 vitium
552 2428 704 2510 lenpmque
722 2425 782 2483 odii
802 2426 841 2509 011
854 2426 961 2482 10111110
981 2427 1127 2497 inanisque

146 2502 305 2572 loquac1tas
325 2502 354 2555 et
372 2516 458 2569 quam
480 2517 510 2552 m
540 2500 579 2553 trs
597 2517 629 2553 m
652 2499 723 2554 locis
746 2515 765 2552 0
781 2497 959 2570 principibus
983 2498 1128 2569 utriusque

146 2573 262 2644 linguae
280 2570 349 2626 viris
369 2569 560 2626 detestatione
578 2569 656 2625 10010
674 2569 790 2640 culpata
809 2569 854 2626 sit.
1137 2582 1157 2627 a

85 2720 99 2766 1
178 2698 240 2776 Qui
264 2703 341 2764 sunt
368 2699 455 2764 leves
479 2701 512 2762 et
539 2697 667 2763 futtiles
696 2703 730 2762 et
756 2696 937 2782 importuni
964 2697 1127 2763 locutores

111 2789 230 2872 quique
259 2789 350 2853 00110
380 2810 488 2852 rerum
517 2788 659 2871 pondere
688 2787 792 2851 innixi
821 2786 930 2852 verbis
959 2785 1067 2853 uvidis
1097 2788 1128 2851 et

110 2877 314 2962 lapsantibus
338 2877 501 2961 diffluunt,
525 2897 637 2940 eorum
656 2877 838 2942 orationem
860 2876 943 2941 bene
966 2876 1128 2941 existima·

110 2971 182 3031 tum
205 2967 313 3032 00110
336 2988 391 3031 ore
413 2965 518 3051 nasci,
540 2986 607 3029 000
629 2967 664 3029 10
685 2969 828 3051 pectore,
849 2965 997 3051 linguam
1020 2968 1128 3029 autem

111 3056 227 3121 debere
251 3056 343 3121 aiunt
365 3077 432 3120 non
455 3076 525 3121 csse
548 3054 685 3120 liberam
707 3077 766 3120 nec
785 3076 912 3140 vagam,
935 3054 992 3119 sed
1014 3051 1161 3118 melisa

111 3147 150 3210 de
172 3150 304 3230 pectore
326 3145 394 3210 imo
418 3166 455 3209 ac
479 3144 518 3207 de
537 3144 632 3208 corde
652 3144 738 3228 aptis
757 3143 879 3208 moveri
903 3147 937 3208 et
959 3143 1056 3226 quasi
1075 3162 1129 3228 gu·

83 3235 249 3303 abernari.
292 3232 355 3299 Sed
378 3233 466 3298 enim
484 3231 593 3297 videas
613 3233 771 3317 quosdam
790 3238 913 3299 scatere
932 3230 1041 3296 verbis
1062 3229 1130 3296 0100

110 3324 178 3389 ullo
201 3323 313 3388 iudicii
335 3323 471 3409 negotio
490 3343 564 3387 cum
588 3322 762 3388 securitate
781 3322 885 3386 multa
908 3326 942 3386 et
960 3318 1131 3405 profunda,

110 3419 148 3479 ut
170 3414 342 3497 loquentes
364 3412 555 3498 plerumque
583 3411 755 3476 videantur
781 3411 872 3495 loqui
901 3431 971 3475 0000
993 3409 1129 3475 nescire.

83 3502 230 3575 aVlixen
244 3507 359 3568 contra
376 3501 580 3588 Homerus,
598 3501 704 3566 virum
719 3501 859 3586 sapienti
872 3498 1025 3564 facundia
1037 3519 1130 3584 prae·
1141 3508 1165 3553 ⁸⁶
