2392 3886
465 135 499 191 Π.
517 154 583 193 xm.
601 154 676 191 mn.
1014 136 1079 202 105

127 299 219 366 Haec
241 299 338 365 nobis
356 298 573 365 Favorinus
595 299 631 365 in
653 319 702 385 eo,
724 298 812 382 quod
834 299 911 385 dixi,
932 304 1124 384 temporem

55 389 148 475 apud
174 408 321 455 mensam
344 409 437 454 suam
465 409 593 454 summa
614 410 689 454 cum
716 387 880 474 elegantia
905 388 1080 453 verborum

55 479 230 562 totiusque
258 477 418 542 sermonis
441 477 597 543 comitate
624 482 724 560 atque
751 475 860 562 gratia
885 476 1079 542 denarravit

59 564 136 668 Sed,
158 565 246 650 quod
264 565 322 651 ait,
322 570 487 651 ventum,
509 565 565 649 qui
588 587 628 630 ex
650 570 739 630 terra
757 563 865 629 Gallia
882 563 1018 650 flaret,
1020 565 1124 631 cir-ac

28 653 162 721 seium’
186 653 357 740 appellari,
379 653 422 719 M
446 617 576 719 Cato
566 675 607 718 ιιι
635 653 756 718 libris
780 652 842 718 ori
876 652 981 718 inum
1004 675 1080 718 eum

56 742 228 809 ventum‘
231 740 384 808 cercium’
407 742 502 827 dicit,
527 763 595 807 non
617 740 783 807 circium'.
862 762 916 806 am
939 762 1013 807 cum
1040 741 1124 807 deae

56 831 219 917 Hispanis
233 831 399 915 scriberet,
412 830 468 914 qui
482 830 567 896 citra
579 829 739 895 Hiberum
753 831 874 915 colunt,
887 830 988 896 verba
1000 829 1081 896 haec

47 920 187 1006 posuit:
212 917 332 985 Satin
349 918 651 1004 hisregionibus
674 918 870 984 ferrareae
875 919 1081 1005 ,·argenti

57 1008 219 1074 fodinae
241 1007 543 1093 pulcherrimae,
571 1026 681 1072 mona
704 1028 749 1072 ex
772 1008 853 1072 sale
872 1029 978 1073 mero
1002 1029 1079 1073 ma·

15 1113 45 1155 1⁰
59 1119 176 1184 gnus3
190 1102 377 1180 quantum
391 1095 534 1181 demas,
546 1094 911 1161 tantumadcrescit.
931 1095 1080 1162 Ventus

59 1185 235 1271 cercius,
253 1207 335 1250 cum
353 1183 529 1270 loquare,
547 1184 707 1249 buccam
720 1185 871 1269 implet,
889 1192 1081 1251 armatum

57 1274 270 1359 homiuem,
292 1272 514 1358 plaustrum
538 1279 740 1338 oneratum
763 1272 956 1358 percellit.

130 1361 225 1439 Quod
248 1384 348 1447 supra
364 1366 474 1426 autem
498 1361 575 1446 dixi,
597 1359 728 1444 ἐτησίας
749 1382 789 1426 ex
812 1362 877 1427 alia
895 1367 994 1461 atque
1017 1363 1126 1428 aliato

59 1450 145 1517 caeli
166 1455 262 1536 parte
284 1450 372 1535 dare,
393 1450 475 1514 haut
494 1450 562 1515 scio
581 1471 623 1514 an
642 1456 772 1515 secutus
791 1451 977 1552 opinionem
972 1442 1082 1516 mul·

16 1552 46 1595 1⁵
60 1545 175 1605 torum
194 1545 316 1604 temere
334 1538 478 1603 dixerim.
519 1537 555 1603 P.
578 1539 665 1603 enim
683 1537 864 1625 Nigidii
854 1562 894 1604 ιιι
914 1541 1123 1605 secundom

59 1629 270 1714 librorum,
283 1647 366 1712 quos
380 1627 424 1692 de
437 1632 555 1691 vento
569 1627 766 1729 composuit,
784 1628 884 1692 verba
896 1627 977 1694 hacc
992 1616 1080 1694 sunt:

61 1717 113 1783 Et
132 1716 287 1800 ἐτησίαι
310 1721 350 1780 et
372 1715 500 1780 austri
519 1715 785 1780 anniversarii
810 1717 976 1781 secundo
1001 1718 1082 1782 sole

61 1807 176 1870 flant.
221 1803 499 1870 Considerandum
526 1803 630 1891 igitur
653 1810 717 1889 est,
746 1804 891 1887 quid's1t
915 1806 1081 1871 secundo

62 1894 155 1960 sole.

18 2050 48 2091 sc
514 2031 637 2097 XXIII.

62 2154 243 2212 Consultatio
258 2153 482 2222 diiudicatioque
495 2153 621 2208 locorum
635 2153 713 2208 facta
727 2170 761 2208 ex
774 2155 921 2210 comoedia
933 2156 1083 2211 Menandri

254 2228 284 2280 ct
301 2223 426 2294 Caecilii,
445 2241 518 2293 quae
536 2223 664 2279 Plocium
682 2224 821 2295 inscripta
839 2230 889 2282 est.

125 2332 363 2400 Comoedias
399 2333 585 2399 lectitamus
617 2340 842 2400 nostrorum
878 2342 1082 2421 poetarum
1111 2350 1126 2398 1

38 2409 216 2509 sumptas
239 2445 277 2488 ac
299 2445 410 2488 versas
433 2423 472 2487 de
496 2421 643 2508 Graecis,
665 2421 873 2489 Menandro
897 2430 954 2490 aut
977 2423 1085 2489 Posi-

24 2492 184 2599 ¹ldipp0
208 2517 266 2577 aut
289 2500 530 2597 Apollodoro
558 2516 616 2576 aut
633 2473 800 2576 ἈΙΘιιιιιο
828 2517 862 2577 et
889 2512 1084 2615 quibusdam

62 2603 147 2668 item
170 2600 244 2666 aliis
266 2600 408 2666 comicis.
453 2598 578 2686 Neque,
600 2622 675 2665 cum
697 2600 836 2686 legimus
860 2623 925 2686 eas,
946 2602 1085 2667 nimium
1112 2615 1129 2665 2

65 2712 143 2757 sane
163 2689 345 2775 displicent,
367 2689 447 2773 quin
468 2689 573 2774 lepide
592 2710 721 2772 quoque
739 2695 773 2754 et
790 2695 926 2755 venuste
945 2690 1086 2775 scriptae

64 2780 249 2864 videantur,
269 2800 403 2864 prorsus
426 2783 465 2842 ut
486 2777 603 2843 melius
625 2799 722 2862 posse
744 2777 815 2842 fieri
837 2777 920 2842 nihil
944 2800 1085 2843 censeas.

66 2867 125 2934 Set
147 2867 237 2933 enim
265 2867 293 2931 si
316 2867 463 2932 conferas
491 2872 525 2931 et
547 2887 724 2952 componas
748 2865 872 2931 Graeca
893 2867 979 2952 ipsa,
1001 2867 1086 2931 unde
1113 2881 1130 2931 a

29 2957 125 3023 willa
142 2962 311 3042 venenmt,
329 2979 367 3021 ac
386 2954 516 3042 singula
534 2955 736 3020 considerate
756 2960 853 3038 atque
872 2960 948 3040 apte
965 2954 1085 3021 iunctis

66 3051 99 3112 et
122 3045 260 3112 alternis
282 3044 479 3110 lectionibus
498 3044 696 3128 committas,
718 3044 837 3129 oppido
861 3064 959 3126 quam
981 3045 1086 3110 iacere

66 3141 166 3220 atque
195 3133 325 3199 sordere
352 3133 513 3217 incipiunt
541 3154 623 3216 quae
651 3131 770 3197 Latina
797 3137 887 3218 sunt3
917 3133 966 3197 ita
989 3132 1087 3198 Grae

66 3247 190 3309 carum,
208 3244 290 3306 quas
309 3221 465 3287 aemulari
482 3220 708 3307 nequivenmt,
730 3221 858 3286 facetiis
878 3225 975 3304 atque
993 3223 1087 3286 lumi-

64 3314 164 3378 nibus
188 3311 407 3376 obsolescunt.

28 3409 52 3452 ⁸⁶
136 3399 254 3485 Nuper
277 3401 357 3465 adeo
380 3421 459 3464 usus
485 3398 583 3462 huius
606 3398 653 3462 rei
675 3397 771 3462 nobis
794 3398 893 3462 venit.
939 3394 1086 3463 Caecili
1096 3413 1139 3461 tc

62 3490 241 3557 Plocium
268 3488 471 3575 legebamus,
498 3486 743 3570 hautquaquam
767 3487 848 3550 mihi
876 3492 908 3550 et
937 3487 992 3568 qui
1017 3488 1087 3553 ade
