2392 3886
123 158 166 225 88
581 156 615 212 Π·
632 174 682 211 vn.

125 321 376 403 sidereudaeque
413 319 496 404 sint,
531 320 735 385 tradiderunt
771 340 892 404 easque
929 319 1132 387 subtilissime

96 410 351 475 ediiudioorunt.
396 408 520 473 Eurum
543 430 609 473 unu
631 413 695 475 est:
719 408 844 494 omnis,
867 430 952 493 quse
969 412 1063 495 poter
1082 409 1131 475 im

98 504 227 584 sperat,
249 497 441 583 parendum,
464 497 567 562 ultera
590 501 655 563 est:
678 498 714 562 in
736 498 934 584 quibusdum
955 498 1131 583 parendum,

98 588 321 672 equibusdsm
339 608 406 652 non
425 586 688 675 obsequendum,
710 586 810 653 tertie
827 591 892 653 est:
909 586 997 653 nihil
1011 606 1131 655 neeesse

125 699 196 743 esse
218 677 305 763 patri
329 675 465 759 obsequi
488 680 522 741 et
543 697 666 761 perere.
1146 690 1155 733 e

98 776 115 825 o
191 766 282 832 Haeo
319 764 482 831 sententia
517 765 672 848 quonism
702 764 846 850 primore
877 769 1016 850 aspectu
1045 762 1132 831 nimis

124 855 257 919 infamis
280 859 347 938 est,
377 874 475 938 super
498 876 536 918 ee
557 854 648 938 prius
672 875 755 939 quoe
778 854 866 919 dictu
888 858 969 921 sunt
992 854 1132 921 dicemus.
1175 874 1177 901 ¹

100 943 205 1008 7‘Aut
223 942 323 1009 recte'
345 942 498 1026 inquiunt
521 942 672 1029 ‘imperet
694 947 788 1028 peter
814 947 872 1007 out
888 964 1070 1029 perperam.
1104 938 1134 1007 si
1175 992 1177 1033 ,

125 1036 212 1097 recte
235 1032 391 1116 imperet,
413 1051 480 1095 non
503 1032 580 1115 quic
601 1031 743 1116 imperet
764 1032 959 1117 parendum,
987 1032 1046 1097 sed
1066 1050 1133 1117 quo

124 1120 214 1184 nium
236 1120 270 1184 id
290 1120 361 1184 fieri
383 1120 435 1183 ius
459 1123 519 1204 est,
541 1120 725 1187 feeiendum
747 1124 812 1207 est3
835 1119 864 1185 si
885 1141 1070 1207 perperam,
1088 1106 1177 1185 uelli

127 1230 289 1293 qusquam
317 1208 442 1274 scilicet
467 1207 652 1273 faciendum
680 1209 766 1294 quod
791 1209 863 1274 lieri
895 1229 965 1274 uon
995 1206 1134 1295 oportet'.
1174 1181 1177 1290 l

100 1297 251 1362 8Deinde
286 1298 335 1362 its
370 1296 579 1363 concludunt:
612 1298 802 1383 ‘numquam
832 1297 937 1384 igitur
973 1304 1026 1363 est
1058 1295 1134 1384 petri
1175 1292 1177 1319 '

100 1386 305 1471 epsrendum
324 1407 405 1470 quae
423 1386 584 1470 imperat'.
630 1385 686 1452 Set
705 1408 810 1472 neque
829 1387 928 1452 istum
947 1386 1135 1453 sententium

126 1475 259 1559 probari
282 1474 660 1561 accepimus-argutiola
683 1476 803 1561 quippe
829 1475 924 1562 hoec,
947 1476 1048 1543 sicuti
1069 1494 1134 1541 mox
1174 1478 1178 1547 1

84 1571 118 1621 10
128 1564 351 1648 ostendemus,
382 1562 500 1629 frivole
527 1568 561 1628 et
588 1563 696 1630 inanis
726 1569 912 1649 est-neque
941 1570 1055 1631 eutem
1078 1558 1178 1647 illw‘l

128 1675 225 1737 quum
252 1653 358 1738 primo
386 1652 421 1715 in
447 1652 520 1718 loeo
548 1653 705 1738 diximus,
738 1675 817 1721 veru
846 1659 880 1720 et
908 1654 1015 1739 probe
1044 1650 1135 1719 videri
1175 1644 1178 1695 Ι

85 1748 117 1798 11
128 1747 248 1827 potest,
263 1742 372 1807 omnis
390 1763 470 1826 esse,
484 1762 567 1825 quse
580 1746 675 1826 puter
687 1742 829 1828 iusserit,
842 1743 1033 1828 parendum.
1062 1739 1136 1819 Quid
1175 1784 1178 1805 .

128 1831 237 1896 enim?
261 1831 289 1895 si
307 1830 525 1916 proditionem
543 1829 679 1916 petrice,
702 1831 730 1895 si
749 1831 864 1896 matris
882 1852 1006 1916 necem,
1030 1830 1060 1896 si
1082 1828 1137 1897 eliu
1175 1894 1178 1929 1

84 1925 118 1974 12
129 1921 288 2005 quaedam
301 1919 476 2004 imperabit
491 1918 601 2003 turpis
615 1923 672 1983 sut
686 1919 811 2005 impis?
836 1918 944 1985 Medio
957 1920 1065 2006 igitur
1077 1940 1137 1985 seu
1176 1956 1178 1961 ·

128 2008 233 2072 tentia
257 2009 381 2091 optima
404 2012 501 2090 utque
519 2006 687 2072 tutissima
708 2008 779 2072 visu
802 2012 868 2095 est,
891 2008 1054 2095 quaedem
1076 2019 1164 2073 esse*

86 2096 495 2181 1³parendum,quaedam
512 2117 579 2160 non
597 2096 849 2180 obsequendum.
882 2095 946 2162 Sed
968 2119 1006 2162 ea
1027 2102 1139 2179 tamen,

129 2206 212 2269 quue
231 2184 366 2267 obsequi
385 2205 451 2249 non
470 2188 610 2270 oportet,
627 2186 744 2250 leniter
762 2190 795 2250 et
816 2187 995 2252 verecunde
1017 2208 1057 2252 uo
1078 2185 1138 2251 sine

128 2272 345 2338 detestatione
363 2272 465 2337 nimiu
485 2273 617 2357 sineque
636 2274 890 2358 obprobratione
909 2274 1029 2340 acerba
1042 2294 1139 2360 repre

128 2361 294 2427 hensionis
314 2361 504 2427 declinando
523 2363 644 2427 sensim
662 2367 696 2428 et
712 2362 924 2447 relinquendo
941 2384 1015 2430 csse
1035 2364 1140 2431 dicunt

128 2474 226 2536 quem
248 2451 437 2536 respuendo
1148 2460 1169 2507 Ι

86 2553 121 2601 14
197 2538 372 2605 Conclusio
403 2560 481 2604 vero
510 2539 584 2624 ille,
613 2561 677 2623 qua
706 2539 889 2627 colligitur,
920 2539 1021 2606 sicuti
1049 2560 1141 2627 supra

130 2629 254 2694 dictum
277 2629 441 2714 estnihil
463 2628 549 2713 putri
571 2630 765 2714 parendum,
785 2628 967 2714 inperfecte
989 2634 1043 2695 est
1064 2628 1142 2695 refu·

85 2718 257 2801 15turique
280 2740 317 2783 uc
341 2717 421 2782 dilui
445 2718 492 2782 sio
514 2722 637 2801 potest:
661 2715 788 2803 Omnis,
810 2739 892 2801 quae
915 2718 951 2782 in
973 2718 1075 2785 rebus
1089 2718 1143 2783 hu·

129 2807 233 2871 menis
257 2807 350 2893 fiunt,
371 2808 420 2871 ita
442 2810 480 2870 ut
502 2805 590 2871 docti
608 2811 812 2892 censuerunt,
835 2811 892 2871 eut
912 2806 1058 2873 honeste
1071 2810 1144 2873 sunt

86 2907 119 2956 16
130 2901 188 2960 aut
210 2896 328 2980 turpis.
374 2895 463 2971 Quae
487 2916 547 2959 suu
568 2894 715 2959 virecta
742 2900 800 2959 sut
821 2895 961 2960 honesta
985 2902 1080 2983 sunt,
1108 2899 1172 2960 ut!

129 2984 227 3049 fidem
256 2984 378 3068 colere,
407 2983 548 3068 putrium
576 2983 762 3068 defendere,
789 2989 828 3050 ut
854 2985 977 3050 amicos
1000 2986 1145 3073 diligere,

130 3095 169 3137 es
191 3071 261 3137 fieri
286 3077 426 3158 oportet,
449 3072 516 3136 sive
538 3072 678 3156 imperet
699 3077 793 3156 puter
815 3074 883 3139 sive
906 3094 975 3138 non
991 3073 1146 3162 imperet,

86 3172 118 3222 1⁷
130 3162 186 3226 sed
209 3183 291 3245 quae
313 3160 365 3225 his
389 3159 553 3226 contrariu
575 3181 721 3244 quaeque
739 3162 862 3248 turpio,
881 3162 1015 3228 omnino
1034 3162 1146 3247 inique

85 3260 121 3312 18
131 3254 217 3335 sunt,
240 3272 278 3315 ec
299 3270 341 3315 ne
365 3249 393 3313 si
415 3249 553 3333 imperet
583 3250 722 3332 quidem.
768 3250 857 3326 Quae
879 3250 1017 3317 veroin
1041 3250 1145 3319 medio

130 3344 207 3404 sunt
225 3342 258 3403 et
277 3360 297 3402 s
316 3337 448 3404 Graecis
466 3342 538 3403 tum
552 3336 669 3423 ‘plec’,
687 3343 759 3403 tum
773 3337 966 3426 ‘ddedeooc'
981 3340 1176 3427 appellen-⁸⁵

130 3431 194 3513 tur,
215 3432 253 3492 ut
275 3427 311 3491 in
332 3427 485 3492 militiam
507 3426 564 3512 ire,
586 3449 642 3491 rus
667 3427 782 3513 colere,
803 3429 944 3494 honores
968 3450 1148 3515 capessere,

129 3538 244 3583 causas
268 3516 448 3602 defendere,
469 3537 604 3580 uxorem
627 3516 752 3601 ducere,
774 3524 813 3583 ut
832 3519 958 3584 iussum
972 3517 1150 3603 proficisci,
