2392 3886
135 128 178 192 98
538 128 572 181 ll.
592 147 657 181 xvu.
675 146 751 182 mn.
782 184 785 189 ,

92 290 229 359 solabae
243 294 480 373 compensatur.
509 288 603 365 Quod
621 290 752 373 quidem
770 290 872 355 etiam
887 290 926 353 in
942 311 983 355 eo
998 286 1147 376 semim,

92 400 124 447 11
136 378 222 461 quod
242 384 293 442 est
311 377 434 463 ‘cogo’3
450 399 557 463 noque
574 384 746 464 repugnat,
763 379 852 463 quod
869 377 989 464 ‘coegi’
1006 384 1146 465 correpte

136 466 288 531 dicimus:
311 487 379 531 non
401 466 489 531 enim
512 466 603 531 solva
623 468 659 531 id
680 467 843 553 ἀναλογίᾳ
866 466 988 532 dicitur
1007 490 1028 533 a
1045 469 1146 553 verbo,

134 555 221 639 quod
243 562 294 621 est
317 554 433 640 ‘cogo’.

582 764 705 830 XVIII.
1162 784 1172 825 s

134 888 214 954 Quod
233 887 367 943 Phaedon
386 886 547 943 Socraticus
567 901 663 940 servus
682 886 750 951 suin
768 886 901 957 quodque
918 886 992 941 item
1010 887 1064 943 ulii
1080 904 1144 945 com·

395 956 518 1028 plusculi
537 956 702 1011 servitutem
721 957 887 1012 servierunt.

109 1108 121 1155 1
200 1082 380 1149 Phaedon
398 1076 561 1150 Elidensis
580 1106 620 1148 ex
638 1083 773 1149 cohorte
790 1084 849 1151 illa
867 1082 1075 1153 Socratica
1090 1084 1146 1151 fuit

107 1172 368 1256 eSocratique
395 1178 430 1238 et
465 1171 621 1238 Platoni
651 1194 710 1257 per
745 1172 811 1238 fuit
839 1173 1023 1241 familiaris.
1073 1173 1145 1241 Eius

132 1261 258 1327 nomini
276 1259 389 1326 Plato
412 1261 533 1327 librum
555 1261 649 1325 illum
672 1260 817 1327 divinum
839 1258 879 1327 de
900 1262 1173 1329 immortalitem

107 1350 261 1420 eanimae
289 1350 386 1415 dedit.
430 1349 464 1414 Is
488 1349 670 1415 Phaedon
697 1371 809 1415 servus
836 1350 901 1415 suit
923 1350 1034 1417 forma
1057 1358 1146 1437 atque

133 1438 265 1524 ingenio
292 1437 420 1502 liberali
448 1443 494 1523 et,
524 1443 561 1502 ut
589 1437 722 1521 quidam
746 1439 961 1524 scripserunt,
990 1462 1012 1505 a
1038 1439 1146 1507 lenone

106 1527 266 1595 edomino
289 1548 369 1611 puer
392 1526 433 1590 ad
456 1527 643 1591 merendum
666 1532 807 1592 coactus.
848 1527 934 1593 Eum
954 1525 1080 1596 Cebes
1098 1526 1147 1595 So

134 1615 274 1681 oratioue
297 1616 451 1681 hortante
470 1612 632 1680 Socrate
655 1614 773 1680 emisse
791 1615 911 1681 dicitur
931 1616 1147 1703 habuisseque

106 1705 168 1775 sin
181 1704 407 1790 philosophiae
421 1703 609 1789 disciplinis.
640 1702 752 1787 Atque
764 1704 794 1768 is
807 1710 924 1788 postea
934 1704 1175 1793 philosophare

132 1793 281 1859 inlustris
304 1794 368 1858 fuit
387 1813 616 1876 sermonesque
640 1791 709 1856 eius
733 1791 772 1857 de
791 1790 953 1860 Socrate
976 1794 1147 1861 admodum

133 1884 298 1969 elegantes
322 1882 482 1968 leguntur.

107 1992 123 2041 a
199 1971 268 2035 Alii
281 1991 409 2054 quoque
423 1990 491 2033 non
506 1968 603 2053 pauci
617 1968 702 2033 servi
719 1968 862 2053 fuemnt,
879 1970 936 2054 qui
953 1976 1035 2055 post
1050 1970 1148 2059 philo

108 2058 229 2143 ssophi
248 2057 327 2123 clari
345 2057 532 2123 extiterunt.
568 2057 620 2123 Ex
639 2056 759 2140 quibus
776 2057 831 2123 ille
850 2057 1059 2145 Menippus
1080 2060 1147 2145 fuit,

134 2146 225 2211 euius
247 2146 349 2211 libros
369 2145 411 2209 M.
430 2144 557 2209 Varro
579 2145 616 2209 in
633 2146 770 2211 satiris
789 2146 972 2213 aemulatus
990 2153 1055 2235 est,
1072 2162 1174 2234 quse·

134 2235 190 2300 alii
213 2233 413 2318 ‘cynices',
434 2234 504 2318 ipse
528 2234 672 2319 appellat
694 2233 960 2320 ‘Menippeas’.

107 2346 123 2393 s
201 2321 265 2387 Sed
296 2328 330 2387 et
361 2322 624 2405 Theophrasti
655 2321 866 2407 Peripatetici
898 2345 1013 2390 servus
1046 2324 1147 2393 Pom·

133 2412 307 2567 tltttt
330 2409 778 2565 Zeininiiusiiiiuihfui'
793 2410 1146 2569 iii⁰iii⁰⁰⁸rii

133 2588 228 2673 sophi
250 2551 318 2653 nori
338 2521 516 2653 meeleires
539 2551 698 2653 viierunt.
724 2523 746 2585 y
1010 2554 1022 2589 ³
1050 2527 1073 2590 P
1151 2559 1188 2645 ΙΙ

106 2699 122 2747 9
201 2676 397 2764 Diogenes
417 2676 517 2741 etiam
532 2673 699 2760 Cynicus
714 2676 905 2745 servitutem
919 2678 1066 2747 servivit
1088 2677 1143 2747 sed

131 2767 161 2831 is
180 2788 219 2830 ex
241 2766 394 2831 libertate
416 2765 452 2830 in
471 2764 661 2830 servitutem
679 2787 797 2830 venum
818 2765 911 2831 ierat.
948 2766 1057 2845 Quem
1077 2788 1142 2836 cum

132 2876 238 2920 emere
256 2855 353 2919 vellet
372 2854 534 2936 Ξενιάδης
549 2855 734 2937 Κορίνθιος
752 2859 795 2939 et,
812 2855 927 2938 ecquid
945 2856 1080 2925 nuncii
1094 2874 1144 2923 no

132 2943 247 3027 visset,
281 2946 394 3024 [esset]
424 2945 651 3027 percontatus,
680 2941 788 3007 ‘novi'
818 2943 927 3027 inquit
953 2943 1141 3033 Diogenes

90 3053 123 3102 10
134 3030 332 3097 ‘hominibus
359 3031 471 3096 liberis
498 3030 682 3114 imperare'.
727 3030 812 3097 Tum
834 3030 999 3116 Ξενιάδης
1021 3040 1166 3121 respon-¹

133 3143 206 3185 sum
224 3119 293 3183 eius
312 3118 489 3183 demiratus
509 3118 588 3183 emit
607 3123 641 3184 et
658 3141 756 3185 manu
775 3120 885 3185 emisit
902 3120 1057 3207 filiosque
1074 3140 1141 3189 suot

133 3209 163 3271 ei
177 3208 307 3272 tradens
323 3206 456 3290 ‘accipe'
469 3206 577 3291 inquit
596 3206 728 3272 ‘liberos
742 3229 842 3295 meos,
856 3209 974 3293 quibus
987 3208 1142 3298 impered.

199 3296 249 3361 De
277 3295 462 3379 Epicteto
493 3299 602 3360 autem
631 3295 827 3381 philosopho
856 3297 974 3384 nobili,
1005 3300 1093 3384 quod
1117 3298 1163 3363 is.

134 3406 262 3468 quoque
285 3405 397 3448 servus
427 3382 500 3467 fuit,
526 3385 687 3449 recentior
714 3388 765 3450 est
788 3386 958 3472 memoria,
985 3409 1087 3472 quam
1110 3390 1143 3453 nt

133 3473 232 3538 scribi
256 3473 349 3556 quasi
373 3471 599 3537 oblitteratum
622 3472 777 3538 debuerit.
1150 3482 1167 3529 Ι
