2392 3886
552 143 599 198 ΠΙ.
618 162 671 198 xrr.
1055 141 1118 205 143

101 304 213 390 Tetti',
230 305 280 370 ita
296 306 368 390 pari
387 307 564 390 eodemque
582 306 653 371 iure
672 326 742 370 esse
760 306 795 369 in
818 305 929 370 decem
951 306 1117 371 mensibus

100 399 199 459 natos
223 394 313 459 etin
335 394 493 459 undecim.

170 481 265 559 Quod
288 483 316 547 si
339 483 387 547 ita
408 504 513 566 neque
537 483 625 548 ultra
651 483 812 548 decimum
840 503 984 547 mensem
1011 483 1119 549 fetura
1130 492 1161 541 15

101 571 277 636 mulierum
294 571 428 656 protolli
442 576 561 657 potest,
576 571 686 656 quaeri
702 576 841 656 oportet,
855 592 913 636 cur
928 570 1117 637 Homerus

74 660 281 746 recripserit,
302 659 493 746 Neptunum
517 660 636 725 dixisse
659 661 786 745 puellae
806 682 825 724 a
844 681 877 724 se
898 681 1009 725 recens
1033 682 1119 725 com·

100 770 248 834 pressae:

149 876 269 958 Χαῖρε
297 873 396 956 γονὴ
425 875 627 958 φιλότητι·
654 871 1006 985 περιπλομένονυά
1038 872 1117 940 ἐνι·

152 1047 283 1128 Τάξεις
297 1049 421 1132 ἀγλαὰ
440 1044 555 1133 τέκν’,
575 1048 659 1116 ἐπεὶ
678 1049 748 1116 οὐκ
767 984 990 1137 &coditi-lida
1004 1049 1117 1117 εὐναὶ

61 1141 88 1198 ro
144 1134 377 1204 Ἀθανάτων.

170 1279 208 1344 Id
231 1302 306 1346 cum
330 1301 391 1367 ego
410 1282 452 1346 ad
470 1281 652 1366 complures
674 1282 906 1368 grammaticos
924 1282 1118 1369 attulissem,
1127 1290 1161 1339 16

102 1369 223 1453 partim
256 1390 369 1434 eorum
401 1369 626 1455 disputabant,
655 1369 813 1435 Homeri
843 1391 971 1460 quoque
1002 1376 1118 1457 aetate,

104 1458 200 1524 sicuti
223 1458 366 1543 Romuli,
389 1480 510 1523 annum
532 1459 634 1524 firisse
660 1480 728 1523 non
755 1458 925 1524 duodecim
948 1461 1118 1545 mensium,

103 1546 160 1611 sed
183 1547 307 1633 decem3
330 1546 386 1612 affi
410 1548 598 1613 convenisse
620 1545 775 1631 Neptuno
799 1547 1026 1633 maiestatique
1047 1549 1117 1614 eius

61 1654 89 1695 ιο
103 1635 266 1721 dicebant,
283 1639 322 1700 ut
339 1635 481 1723 longiori
500 1641 646 1721 tempora
664 1635 751 1700 fetus
770 1657 810 1700 ex
824 1657 862 1700 eo
878 1637 1117 1723 grandesceret3

104 1723 160 1789 alii
183 1723 248 1788 alia
271 1725 429 1810 quaedam
451 1725 593 1811 nugalia.
640 1721 704 1789 Sed
721 1723 938 1789 Favorinus
961 1725 1042 1789 mihi
1062 1726 1162 1810 aiau

103 1811 397 1967 aboissfoilgiov
420 1813 607 1879 ἐνιαυτοῦ
629 1833 697 1877 non
715 1811 887 1878 ‘confecto'
907 1834 978 1878 esse
997 1813 1117 1898 ‘anno',

104 1923 138 1966 se
250 1923 287 1967 ec
337 1954 344 1966 .

170 1989 211 2053 In
234 2012 299 2074 qua
320 2013 355 2054 re
377 1991 477 2056 verbo
501 2012 579 2055 usus
602 1995 742 2055 estnon
764 1990 931 2077 vulgariae
957 1989 1118 2076 significa
1128 1996 1161 2047 18

62 2096 90 2136 νο
103 2078 212 2143 tionis.
233 2078 393 2144 ‘Adfecta’
414 2080 509 2165 enim,
532 2079 629 2145 sicuti
652 2078 805 2144 Marcus
829 2077 960 2144 Cicero
980 2085 1013 2144 et
1031 2084 1161 2144 vete-19

103 2189 178 2231 rum
200 2167 435 2252 elegantissimi
457 2169 561 2232 locuti
585 2174 677 2254 sunt,
699 2189 738 2233 ea
759 2168 890 2253 proprie
918 2168 1118 2254 dicebantur,

104 2276 187 2340 quae
204 2277 271 2320 non
290 2257 330 2321 ad
347 2257 446 2322 finem
464 2257 582 2342 ipsum,
600 2257 656 2321 sed
669 2257 816 2342 proxime
829 2257 928 2321 finem
944 2278 1118 2343 progressa

104 2343 281 2410 deductave
312 2351 413 2411 erant.
468 2345 540 2409 Hoc
572 2346 708 2410 verbum
739 2346 779 2409 ad
808 2345 892 2410 hanc
923 2345 1118 2410 sententiam

103 2428 241 2498 Cicero
263 2432 299 2497 in
320 2432 382 2499 hac
405 2433 493 2518 fecit,
515 2456 614 2519 quam
632 2433 715 2498 dixit
733 2434 775 2498 de
793 2433 1009 2519 provinciis
1029 2455 1118 2498 con-

63 2532 90 2578 25
106 2521 316 2586 sularibus.

170 2607 433 2694 Hippocrates
457 2615 567 2675 autem
584 2611 625 2674 in
643 2632 686 2675 eo
705 2611 822 2696 libro,
845 2611 888 2675 de
907 2631 980 2695 quo
1001 2615 1164 2696 supra2⁰

103 2697 261 2783 scripsi,
283 2719 358 2763 cum
381 2703 415 2763 et
435 2720 607 2763 numerum
630 2699 765 2784 dierum,
783 2699 901 2784 quibus
924 2704 1118 2782 conceptum

101 2786 137 2850 in
160 2791 255 2851 utero
274 2787 448 2873 coagulum
467 2787 699 2873 conformatur,
717 2793 751 2852 et
768 2792 898 2872 tempus
920 2786 1024 2871 ipsius
1047 2809 1120 2873 par·

103 2874 204 2939 tionis
221 2895 309 2939 nono
325 2881 383 2941 aut
396 2874 522 2941 decimo
536 2897 647 2940 mense
662 2876 828 2941 definisset
840 2897 946 2960 neque
959 2875 994 2939 id
1007 2879 1119 2941 tamen

62 2980 90 3020 νο
106 2984 233 3050 semper
256 2963 368 3029 eudem
391 2985 461 3030 esse
484 2964 542 3028 fini
565 2964 716 3049 dixisset,
739 2965 795 3029 sed
818 2963 898 3029 alias
925 2963 1015 3030 ocius
1038 2964 1118 3049 fieri,

104 3051 185 3116 alias
204 3052 317 3138 serius,
336 3053 427 3118 hisco
452 3054 492 3118 ad
513 3058 715 3137 postremum
732 3053 841 3118 verbis
865 3073 945 3118 usus
968 3057 1032 3117 est:
1056 3056 1089 3118 Γ
1089 3054 1118 3117 ί-

103 3163 212 3206 νεται
241 3137 284 3207 δὲ
310 3140 352 3208 ἐν
380 3143 538 3219 τούτοις
565 3139 629 3206 καὶ
650 3143 770 3207 πλείω
793 3139 857 3207 καί
880 3141 1030 3206 ἐλάσσω
1053 3139 1118 3206 καί

104 3227 198 3294 ὅλον
228 3228 293 3295 καί
325 3232 422 3296 κατὰ
449 3228 578 3315 μέρος·
606 3230 652 3294 οὐ
674 3232 822 3295 πολλὸν
845 3226 887 3296 db
909 3228 974 3295 καί
996 3233 1117 3295 πλείω

102 3320 222 3384 πλείω
245 3317 310 3383 καὶ
332 3317 483 3384 ἐλάσσω
507 3318 667 3385 ἐλάσσω.
714 3317 839 3395 Quibus
861 3319 969 3384 verbis
995 3318 1137 3404 signifi

60 3422 88 3462 ³⁵
103 3411 166 3492 cat,
189 3407 275 3492 quod
298 3407 471 3492 aliquando
487 3406 577 3472 ocius
590 3408 693 3492 fieret,
706 3427 777 3472 non
795 3407 900 3472 multo
918 3410 1029 3471 tamen
1046 3406 1117 3470 fieri
1138 3453 1142 3458 J

104 3495 205 3582 ocius,
226 3516 332 3581 neque
355 3496 442 3581 quod
466 3497 579 3582 serius,-
605 3496 710 3576 multo
734 3496 845 3561 serius.
