2356 3900
518 150 538 204 1·
558 168 615 203 ¹111·
1036 149 1077 215 61

54 334 164 397 neque
191 312 372 378 timendum
399 311 583 396 exemplum
608 333 676 376 non
703 313 836 397 parandi
864 313 1079 398 crediderunt,
1108 334 1124 382 o

56 403 86 470 si
104 402 251 467 rationes
269 402 439 466 dumtaxat
462 399 686 466 huiuscemodi
704 423 772 465 non
789 402 948 466 abessent.
986 399 1081 466 Cum·
1109 423 1124 471 ι

56 490 175 577 primis
194 494 304 556 autem
326 489 565 575 respiciendum
582 493 780 575 putaverunt
803 489 970 575 ingenium
988 494 1081 555 natu·

58 600 195 663 ramque
217 579 317 664 illius,
340 579 413 645 cuia
431 600 483 643 res
505 583 779 663 praeceptumque
798 582 898 643 essct:
920 601 961 642 ne
980 579 1081 663 ferox,

30 671 175 753 adurus,
206 667 385 733 indomitus
417 667 691 751 inexorabilisque
722 667 779 751 sit,
811 667 921 751 qualia
949 666 1081 732 fuerunt

57 757 275 823 Postumiana
302 756 439 841 imperia
466 760 500 821 ιι
522 755 696 821 Manliana.
742 755 829 821 Nam
853 756 881 821 si
911 755 971 820 tali
994 777 1083 840 prae·
1110 776 1126 824 a

58 845 187 932 ceptori
210 845 295 910 ratio
314 845 475 910 reddenda
498 844 552 931 sit,
572 845 656 909 nihil
678 845 863 910 faciendum
881 865 952 910 esse
971 866 1083 909 monu-

58 940 157 1001 errmt
177 935 272 999 aliter
295 957 393 1019 quam
415 938 625 1019 praeceptum
648 938 707 999 est.

126 1024 201 1088 Inst
187 1027 275 1088 ttruc
260 1022 327 1088 tius
346 1023 503 1088 deliberat
488 1023 619 1125 tiusque
643 1023 712 1087 fore
736 1022 823 1088 arbit
808 1027 934 1088 tramur
956 1022 1117 1087 theore-
1111 1043 1126 1089 9

23 1132 47 1172 ιι
60 1112 201 1178 matium
224 1111 287 1177 hoc
311 1113 349 1176 de
372 1111 515 1176 mandat
491 1115 535 1176 tis
557 1111 782 1177 huiuscemodi
806 1111 1031 1197 obsequendiS,
1055 1111 1083 1175 si

56 1201 247 1303 exemplum
275 1221 402 1284 quoque
425 1199 460 1264 P
484 1197 595 1266 Crassi
617 1200 776 1286 Muciani,
803 1201 883 1266 clari
911 1200 1083 1284 atquein-

59 1289 531 1374 clutiv1rrm,apposuerimus
576 1289 610 1354 Is
639 1287 775 1355 Crassus
807 1313 826 1354 ι
854 1287 1127 1374 Sempronioro

58 1341 269 1446 Aselliorie
293 1400 310 1442 ι
312 1378 507 1463 tplcrisque
527 1377 599 1443 aliis
622 1377 780 1444 historiae
798 1377 966 1444 Romanae
986 1378 1084 1463 scrip-

58 1468 191 1534 toribus
229 1466 371 1531 traditur
406 1466 560 1532 habuisse
597 1466 739 1552 quinque
780 1490 888 1532 rerum
923 1468 1084 1532 bonarum

20 1556 206 1622 amaxima
229 1559 263 1620 et
285 1554 472 1641 praecipua:
496 1556 582 1639 quod
601 1560 687 1622 essct
705 1556 896 1641 ditissimus,
919 1557 1005 1640 quod
1028 1579 1084 1621 no·

58 1645 258 1730 bilissimus,
281 1644 367 1730 quod
391 1644 690 1731 eloquentissimus,
717 1646 804 1730 quod
831 1645 1084 1709 iurisconsultis-

60 1735 175 1819 simus,
199 1733 286 1817 quod
308 1733 457 1818 pontifex
479 1733 649 1798 maximus.
695 1734 827 1799 Iseum
853 1733 889 1796 in
912 1734 1126 1800 consulaturr

62 1823 228 1889 obtineret
246 1821 362 1886 Asiam
383 1821 585 1906 provinciam
608 1826 641 1887 ιι
626 1822 896 1888 tcircumsederc
920 1843 1085 1907 oppugna-

61 1934 163 1996 reque
185 1910 311 1976 Leucas
335 1915 469 2013 pararet
493 1932 638 1996 opusque
662 1916 747 1977 esset
733 1911 870 1976 tfirma
893 1914 991 1994 atque
1013 1932 1086 1995 pro-

20 2019 48 2059 ιο
62 2023 139 2067 cera
161 2001 265 2084 trabe,
288 2000 344 2083 qui
363 1999 498 2065 ιιιιιιιιι
516 2000 648 2086 faceret,
667 2022 731 2084 quo
750 2022 862 2064 muros
885 1999 955 2064 eius
975 1999 1085 2101 oppidi

63 2093 229 2175 quateret,
240 2088 388 2190 scripsit
374 2083 498 2154 t’ad
479 2088 693 2174 αρχιτέκτονα
715 2089 977 2175 Mylattensium,
1006 2089 1086 2154 soci-

63 2201 159 2244 orum
185 2177 426 2262 amicorumque
449 2178 562 2263 populi
585 2177 805 2264 Romani,t
767 2182 805 2242 ut
828 2200 868 2242 ex
891 2178 985 2242 malis
1009 2178 1086 2243 duo-

63 2270 141 2353 bus,
170 2287 251 2351 quos
280 2267 365 2351 apud
393 2289 448 2332 eos
472 2267 674 2375 vidisset,u
653 2271 727 2331 uter
749 2267 854 2331 maior
882 2272 981 2351 esset,
1012 2289 1086 2330 eum

63 2357 142 2422 mitt
128 2355 264 2420 tendum
282 2359 418 2420 curaret
395 2350 576 2420 t'Tum
558 2354 757 2441 αρχιτέκτων
777 2361 953 2441 compertO,
977 2374 1130 2457 quam-12

25 2463 52 2504 2⁵
65 2446 182 2511 obrem
204 2445 327 2509 malum
350 2445 557 2528 desideraret,
582 2466 658 2530 non,
681 2445 762 2509 uti'
753 2467 862 2509 iussus
886 2449 965 2529 erat,
989 2444 1087 2508 maio—

64 2558 145 2619 rem,
159 2534 217 2598 sed
231 2555 328 2617 quem
337 2555 407 2598 esse
418 2533 523 2620 magis
538 2496 691 2598 idonerim
705 2534 929 2618 aptioremque
939 2532 1087 2597 faciendo

65 2623 163 2689 arieti
177 2621 420 2706 facilioremque
433 2627 568 2707 portatu
582 2622 801 2708 existimabat,
814 2623 975 2686 minorem
988 2621 1087 2686 misit.

65 2711 206 2778 Crassus
230 2734 304 2777 cum
326 2711 436 2776 vocari
462 2711 559 2776 iussit
583 2716 630 2796 et,
657 2734 731 2776 cum
753 2712 1004 2797 interrogasset,
1031 2727 1132 2776 curra

64 2823 133 2866 non
157 2822 254 2885 quem
276 2800 416 2865 iusserat
434 2800 587 2885 misisset,
611 2801 717 2866 causis
736 2800 984 2882 rationibusque
1007 2821 1088 2881 quas

29 2907 54 2948 ιο
66 2891 243 2957 dictitabat
267 2890 394 2974 spretis,
417 2889 613 2954 vestimenta
631 2890 758 2954 detrahi
782 2889 955 2973 imperavit
974 2888 1089 2973 virgis-

66 3002 128 3064 que
153 2979 296 3044 multum
320 2978 449 3063 cecidit,
477 2979 641 3063 corrumpi
665 2984 762 3063 atque
786 2977 920 3043 dissolvi
944 2977 1089 3041 officium

66 3090 164 3134 omne
186 3068 380 3152 imperantis
399 3071 500 3153 ratus,
524 3068 552 3132 si
575 3068 648 3150 quis
672 3068 713 3132 ad
735 3067 769 3132 id
788 3067 875 3150 quod
897 3066 1003 3131 facere
1026 3066 1090 3129 ius-

66 3181 121 3223 sus
147 3163 289 3223 estnon
313 3156 469 3241 obsequio
493 3157 616 3241 debito,
641 3157 697 3221 sed
720 3157 856 3222 consilio
880 3178 947 3221 non
970 3154 1090 3218 deside-

65 3252 139 3313 rato
163 3247 369 3332 respondeat.
