2392 3886
575 115 620 170 111.
640 133 686 171 m
1073 117 1137 183 129

183 275 223 340 Id
250 274 398 361 profecto
421 281 472 343 est
495 277 536 344 ad
562 277 646 345 lianc
669 277 770 344 ferme
794 279 1003 346 sententiam:
1033 279 1192 367 Impera

112 368 208 429 rator
221 363 351 431 Poenus
365 364 400 431 in
413 369 502 433 terra
511 363 633 452 Sicilia,
646 367 733 432 bello
743 364 1007 454 Carthaginiensi
1021 370 1138 455 primo,

114 453 251 521 obviem
272 452 423 521 Romano
446 455 590 522 exercitu
613 455 835 542 progreditur,
861 456 960 522 colles
983 457 1137 543 locosque

113 542 253 609 idoneos
279 542 370 627 prior
392 549 539 629 occupat.
584 543 707 610 Milites
729 544 886 629 Romani,
911 545 962 611 uti
984 568 1036 611 res
1059 553 1137 612 nata
1164 559 1182 608 4

85 635 182 715 sest,
208 631 245 695 in
266 630 376 699 locum
397 631 566 699 insinuant
587 632 694 700 fraudi
717 637 750 698 et
771 633 927 719 perniciei
951 634 1137 700 obnoxium.

113 718 282 785 Tribunus
305 718 348 786 sd
369 720 537 787 consulem
558 721 664 806 venit,
685 721 829 788 ostendit
851 721 988 787 exitium
1010 722 1050 788 de
1072 723 1137 789 loci
1165 736 1182 786 t

113 807 367 892 importunitate
381 813 415 875 et
428 809 574 876 hostium
587 809 833 877 circumtantia
846 816 1020 876 maturum.
1045 809 1137 877 ‘Cen
1164 825 1181 874 o

115 894 196 981 sco',
213 897 322 983 inquit
340 895 382 964 ‘si
399 919 468 964 rem
487 920 615 965 semare
639 898 699 984 vis,
716 898 915 984 faciundum,
932 905 971 964 ut
989 900 1138 984 quadrin-

115 989 235 1139 sscntos
263 984 391 1071 aliquos
418 986 540 1053 milites
563 987 604 1052 ad
630 1008 800 1054 verrucam
828 987 947 1073 illam’,
976 988 1023 1055 sie
1050 990 1137 1054 enim

75 1091 102 1131 ιο
148 1078 214 1139 ato
238 1073 347 1141 locum
370 1075 494 1141 editum
517 1097 733 1162 asperumque
757 1076 910 1162 appellat,
933 1077 992 1142 ‘ire
1014 1077 1138 1163 iubeas,

112 1163 506 1320 {tltutdtttpdt
526 1164 1138 1339 tstzttttttlsstlld

499 1304 508 1338 7
613 1300 621 1312 ,
1126 1291 1138 1302 .

114 1339 220 1407 simus
243 1340 285 1405 ad
307 1342 544 1409 occursandum
561 1342 836 1428 pugnandumque
858 1343 895 1407 in
917 1363 973 1409 eos
991 1365 1138 1428 praever-

114 1433 229 1495 tentur
255 1450 386 1514 unoque
411 1429 470 1497 illo
492 1431 628 1517 negotio
658 1453 729 1496 sese
756 1430 940 1517 alligabunt
962 1435 1060 1517 atque
1088 1432 1138 1496 illi

72 1532 100 1574 1⁵
114 1539 230 1583 omnes
245 1517 474 1604 quadringenti
488 1519 603 1604 procul
617 1519 716 1585 dubio
732 1519 1022 1585 obtruncabuntur.
1046 1519 1137 1586 Tunc
1167 1541 1182 1590 τ

112 1607 243 1673 interea
265 1607 432 1692 occupatis
461 1607 497 1672 in
520 1629 559 1673 ea
587 1607 683 1674 caede
712 1607 865 1674 hostibus
892 1613 1022 1692 tempus
1050 1630 1137 1673 exar-

114 1695 202 1760 citns
230 1715 270 1759 ex
296 1695 360 1761 hoc
386 1696 460 1762 loeo
488 1696 644 1762 educendi
670 1696 817 1761 habebis.
862 1695 939 1761 Alia
965 1696 1030 1761 nisi
1056 1697 1137 1762 haec
1165 1717 1182 1767 8

114 1783 234 1849 edatis
257 1783 311 1849 via
333 1784 423 1850 nulle
445 1784 516 1850 est'.
563 1782 685 1850 Consul
707 1785 842 1850 tribuno
864 1784 1042 1869 respondit,
1064 1806 1138 1850 con·

114 1872 229 1938 silium
247 1871 379 1957 quidem
395 1873 485 1939 istud
503 1895 606 1959 aeque
622 1874 795 1958 providens
815 1873 879 1938 sibi
898 1873 1049 1959 viderier3
1068 1872 1137 1938 ‘sed

72 1959 212 2025 soistos'
239 1960 348 2046 inquit
371 1961 503 2026 ‘milites
527 1962 782 2049 quadringentos
806 1962 847 2027 ed
870 1983 944 2026 eum
971 1961 1081 2027 locum
1103 1961 1139 2026 in

112 2049 264 2117 hostium
286 2071 406 2116 cuneos
429 2049 580 2137 quisnam
603 2051 666 2116 erit
693 2051 749 2136 qui
772 2049 903 2116 ducatt'
949 2048 1002 2115 ‘Si
1024 2049 1138 2116 alium'
1166 2071 1183 2121 s

112 2137 225 2223 inquit
254 2137 406 2205 tribunus
435 2139 611 2204 ‘neminem
637 2139 796 2224 repperis,
824 2162 876 2204 me
905 2139 982 2205 licet
1005 2140 1046 2204 ed
1075 2139 1138 2205 hoc

112 2226 299 2311 pericnlum
320 2231 428 2314 utare;
450 2249 512 2314 ego
531 2227 616 2293 hano
638 2227 700 2293 tibi
724 2232 757 2292 et
779 2228 976 2312 reipublicae
996 2229 1139 2293 animam

114 2314 179 2380 do'.
212 2311 337 2380 Consul
350 2315 483 2381 tribuno
499 2316 622 2403 gratias
636 2317 812 2401 laudesque
827 2317 904 2403 agit.
936 2315 1101 2382 Tribunus
1114 2327 1192 2377 ion

73 2424 100 2465 2⁵
114 2409 148 2468 et
173 2403 404 2489 quadringenti
423 2405 464 2470 ad
485 2405 689 2469 moriendum
712 2404 970 2490 proficiscuntur.
1015 2404 1138 2470 Hostes
1150 2425 1183 2474 12

113 2513 231 2556 eorum
253 2492 424 2557 audaciam
446 2493 661 2578 demirentur,
683 2514 839 2577 quorsum
861 2494 909 2558 ire
931 2497 1080 2578 pergant,
1103 2493 1139 2557 in

113 2580 318 2666 expectando
333 2585 417 2645 sunt.
455 2579 520 2646 Sed
534 2581 592 2646 ubi
610 2581 771 2666 apparuit,
791 2582 858 2663 [ad]
878 2602 950 2646 eam
968 2603 1137 2647 verrucam
1149 2602 1181 2650 13

114 2668 339 2754 occupandam
368 2668 432 2733 iter
453 2669 634 2753 intendere,
661 2669 766 2735 mittit
788 2670 959 2734 adversum
981 2669 1056 2734 illos
1080 2670 1139 2735 im·

112 2760 250 2842 perator
269 2754 549 2844 Carthaginiensis
571 2758 755 2843 peditatum
777 2759 1033 2843 equitatumque,
1056 2779 1139 2841 quos

76 2866 102 2907 so
113 2847 151 2911 in
168 2846 316 2912 exercitu
332 2846 421 2911 viros
439 2846 556 2912 habuit
574 2845 827 2911 strenuissimos.
850 2845 991 2910 Romani
1014 2845 1136 2911 milites
1148 2866 1183 2917 14

115 2935 429 3021 circumveniuntur,
455 2935 667 3001 circumventi
689 2938 887 3022 repugnent3
913 2934 953 2999 fit
980 2935 1140 3019 proelium
1151 2954 1185 3004 15

115 3023 173 3089 diu
190 3045 319 3108 anceps.
359 3022 504 3090 Tandem
527 3028 660 3109 superat
676 3023 862 3089 multitudo.
904 3021 1140 3110 Quadringenti
1151 3043 1185 3093 to

115 3133 230 3178 omnes
253 3134 329 3178 cum
352 3133 417 3177 uno
444 3112 585 3197 perfossi
608 3112 726 3199 gladiis
749 3117 807 3178 aut
829 3111 1008 3177 missilibus
1032 3113 1138 3197 operti

115 3200 246 3267 cadunt
287 3197 412 3266 Consul
428 3201 571 3285 interim,
589 3201 666 3266 dum
683 3201 731 3266 ibi
749 3205 924 3287 pugnatur,
943 3222 978 3265 se
995 3200 1031 3264 in
1048 3200 1185 3272 iocosis

77 3307 102 3348 π
115 3293 208 3356 tutos
232 3294 331 3375 atque
354 3289 460 3355 editos
483 3289 643 3355 subducit.

183 3375 249 3444 Sed
272 3378 360 3463 quod
382 3378 431 3442 illi
454 3378 601 3463 tribuno,
624 3378 699 3444 duci
721 3377 865 3442 militum
888 3377 1186 3464 quadringente-is

114 3489 199 3552 rum,
217 3466 375 3531 divinitus
386 3467 421 3531 in
436 3488 475 3532 eo
484 3467 614 3552 proelio
629 3490 708 3535 ursus
724 3468 827 3559 venit,
843 3490 918 3536 non
931 3467 1008 3537 iarn
1015 3466 1164 3550 nostris,

168 3579 279 3617 &mus
982 3583 1005 3634 q
