2392 3886
507 131 541 188 Π.
560 152 600 188 nr.
618 152 655 192 ιν.
1049 141 1092 208 83

65 294 222 451 pominipl
229 293 354 361 Romae
369 297 644 451 grialmmatieum,d
649 299 830 365 ostendisse
849 302 929 403 mihi
948 303 1092 408 librum

67 392 1092 566 atter?tttttrtcffltttligttlttss{blunt

66 562 273 716 predepatnr.
318 561 359 626 In
388 583 453 646 quo
486 564 550 629 duo
577 564 635 630 isti
657 587 771 631 versus
801 589 876 632 oum
905 569 954 634 ita
976 571 1091 656 scripti

38 676 52 716 ⁵
83 673 195 717 oren:

111 756 365 823 Vestibulum
393 762 482 824 ante
504 759 631 844 ipsum
658 760 860 845 primoque
888 762 928 827 in
956 763 1091 830 limine

110 935 294 1021 Exultat,
316 934 408 1000 telis
432 941 469 1000 et
492 936 578 1002 lnce
602 849 917 1026 corusculiydiiid,

65 1042 215 1108 additam
239 1064 337 1127 supra
359 1041 498 1108 vidimus
522 1043 545 1108 h
572 1042 717 1109 litteram
740 1050 774 1110 et
798 1045 933 1112 ‘ebena'
957 1047 1090 1113 factum.

23 1154 51 1195 ro
65 1129 122 1198 Sic
153 1131 190 1195 in
218 1131 277 1196 illo
305 1152 433 1217 quoque
460 1131 614 1219 Vergili
641 1154 737 1198 versu
766 1133 802 1198 in
829 1135 963 1221 optimis
993 1136 1115 1204 libriso

65 1221 230 1306 scriptum
252 1219 448 1285 invenimus:

110 1325 326 1391 Autfoliis
348 1325 487 1391 undam
510 1327 655 1412 trepidi
679 1327 881 1413 despumat
904 1331 1026 1397 aheni.

549 1503 606 1570 IV.

65 1624 158 1691 Quam
177 1623 214 1678 ob
233 1639 348 1678 causam
365 1622 470 1678 Gavius
488 1623 594 1680 Bassus
612 1641 703 1694 genus
723 1626 865 1695 quoddam
883 1627 984 1682 iudicii
1004 1628 1088 1683 ‘divi-

23 1714 51 1755 15
101 1693 261 1750 nationem’
277 1694 588 1819 appellarisoripserit;
604 1699 634 1750 et
648 1713 734 1765 quam
749 1696 800 1752 alii
813 1714 929 1753 causam
940 1715 1002 1753 esse
1017 1699 1089 1753 eius·

103 1767 170 1821 dem
188 1765 279 1822 vocab
310 1783 322 1818 1
340 1765 471 1821 drxennt.

134 1891 220 1959 (lum
233 1893 272 1958 de
285 1893 514 1959 constituendo
529 1898 719 1961 accusatore
733 1895 901 1978 quaeritur
918 1895 1113 1962 iudicium-1

67 2004 129 2067 que
154 2003 253 2067 super
275 2003 366 2048 care
388 1983 544 2068 redditur,
567 1983 697 2050 cuinam
719 1983 930 2067 potissimum
950 2005 989 2048 ex
1012 1984 1090 2049 duo·

33 2108 36 2113 -
66 2071 127 2136 bus
154 2070 369 2157 pluribusque
391 2073 557 2137 accusatio
581 2071 819 2156 subscriptiove
846 2073 882 2137 in
904 2095 996 2138 reum
1018 2095 1089 2158 per·

31 2159 235 2245 remittatur,
264 2181 302 2224 ee
330 2181 382 2224 res
412 2166 510 2245 atque
540 2160 685 2226 iudicum
717 2161 862 2248 cognitio
896 2161 1087 2227 ‘divinatio'

67 2248 259 2335 appellatur.
300 2247 338 2312 Id
355 2249 551 2314 vocabulum
565 2270 664 2334 quam
683 2248 725 2313 ob
745 2272 877 2315 causam
894 2251 943 2315 ita
961 2250 1112 2316 factumn

67 2339 117 2425 sit,
140 2337 256 2421 quaeri
280 2336 372 2402 solet.

130 2425 279 2492 Gavius
306 2425 446 2491 Bassus
474 2426 513 2490 in
544 2425 667 2491 tertio
697 2425 902 2512 librorum,
933 2448 1014 2510 quos
1043 2426 1113 2494 dee

66 2515 219 2617 origine
239 2515 514 2580 vocabulorum
533 2514 728 2600 composuit,
745 2514 954 2600 divinatio,
971 2514 1088 2600 inquit,

38 2603 254 2670 siud1cium
272 2603 507 2690 appellatur,
530 2603 712 2688 quoniam
730 2602 881 2668 divinet
905 2603 1087 2687 quodam-

63 2694 175 2761 modo
213 2691 327 2761 iudex
365 2696 535 2779 oportet,
577 2714 688 2775 quam
726 2691 964 2757 sententiam
1002 2713 1086 2756 sese

61 2783 166 2848 ferre
199 2801 269 2866 par
300 2781 360 2847 sit.
406 2779 515 2846 Nimis
548 2781 679 2865 quidem
709 2785 760 2845 est
788 2780 825 2844 in
853 2779 961 2845 verbis
991 2779 1114 2850 Gavi4

59 2869 178 2938 Bassi
200 2869 287 2934 ratio
309 2869 490 2955 inperfecte
507 2869 559 2934 vel
578 2869 684 2956 magis
702 2867 797 2954 inops
817 2872 850 2934 et
867 2868 998 2932 ieiuna·
1023 2865 1113 2939 Seds

57 2961 195 3027 videtur
216 2962 328 3024 tamen
350 2959 535 3046 significare
557 2958 650 3044 velle,
670 2957 793 3022 idcirco
816 2956 881 3021 dici
904 2956 1087 3022 ‘divinatio-

21 3049 160 3137 tenem',
184 3047 273 3132 quod
289 3047 325 3112 in
342 3047 416 3113 eliis
440 3047 572 3132 quidem
594 3046 702 3113 causis
720 3045 817 3111 iudex
835 3067 883 3130 ea,
907 3047 1017 3128 [quae]
1042 3045 1087 3110 di·

55 3138 143 3206 dicit
156 3154 306 3222 quaeque
320 3136 523 3224 argumentis
536 3135 588 3201 vel
606 3135 748 3201 testibus
763 3134 986 3199 demonstrate
1000 3131 1091 3219 sunt,

54 3226 154 3314 sequi
179 3226 276 3312 solet,
297 3226 332 3290 in
353 3225 416 3292 hac
435 3229 545 3291 autem
568 3246 613 3312 re,
635 3247 710 3291 oum
729 3223 896 3310 eligendus
916 3227 1086 3288 accusator

52 3323 120 3404 est,
138 3337 245 3402 parva
258 3314 432 3380 admodum
449 3319 483 3380 et
497 3313 595 3379 exilia
609 3318 695 3399 sunt,
713 3311 832 3398 quibus
846 3311 970 3377 moveri
988 3311 1085 3375 iudex

49 3406 183 3495 possit,
216 3408 251 3469 et
281 3409 468 3491 propterea,
500 3403 633 3488 quinam
661 3401 767 3488 magis
799 3401 839 3466 ad
869 3400 1086 3466 accusandum

10 3497 199 3563 *sidoneus
224 3492 279 3581 sit,
301 3494 395 3578 quasi
418 3492 628 3558 divinandum
652 3497 710 3556 est.
