2356 3900
486 165 520 221 Π.
534 183 628 222 xxvm.
638 184 713 222 mx.
1047 166 1111 232 117

90 330 190 394 ficum
219 329 427 393 observatum
455 350 524 393 csse
552 328 594 393 Μ.
618 328 742 394 Varro
770 329 863 415 dicit,
895 331 1050 414 quoniam
1079 335 1113 397 et

92 441 157 502 qua
179 417 269 481 vict
291 439 350 502 per
373 439 470 501 quem
493 418 627 483 deorum
651 419 823 483 dearumve
846 424 935 485 terra
958 424 1113 486 tremeret

90 507 253 572 incertum
270 511 370 570 essct.

143 591 223 660 'sed
246 594 286 659 de
308 595 404 659 lunae
428 595 570 678 solisque
593 594 840 681 defectionibus,
861 617 928 661 non
946 597 1054 661 minus
1077 598 1140 666 in4

65 685 163 750 ⁵eius
193 683 240 748 rei
271 705 370 750 causa
384 685 386 688 ’
399 683 589 768 reperienda
619 706 689 750 sese
720 689 940 750 exercuenmt.
986 684 1139 770 Quippeo

92 773 135 838 M.
160 771 270 858 Catu,
297 772 347 836 vir
369 772 405 836 in
427 773 660 858 cognoscendis
687 773 785 838 rebus
808 773 904 838 multi
932 774 1045 859 studii,
1067 774 1114 838 in-

93 867 183 929 certa
212 867 322 926 tamen
352 865 386 925 et
414 860 577 926 incuriose
608 883 705 946 super
735 884 774 927 ea
803 884 838 927 re
869 862 1022 949 opinatus
1054 867 1113 928 est.

92 951 204 1017 Verba
236 947 397 1015 Oatonis
432 972 475 1014 cx
509 951 704 1037 originum
737 956 878 1035 quarto
910 951 990 1017 haec
1024 956 1140 1020 suntte

38 1093 41 1097 .
92 1039 180 1106 Non
201 1039 312 1108 lubet
334 1039 506 1105 scribere
526 1040 624 1124 quod
647 1040 687 1103 in
710 1040 847 1106 tabula
866 1041 964 1127 apud
986 1040 1115 1125 ponti·

54 1139 80 1180 1⁰
93 1129 208 1195 ficem
222 1127 427 1194 maximum
442 1133 514 1214 est,
532 1128 714 1212 quotiens
733 1151 886 1195 annona
903 1151 1005 1215 cara,
1024 1150 1115 1214 quo·

93 1219 197 1284 tiens
226 1217 340 1283 lunae
371 1222 437 1283 aut
467 1217 564 1282 solis
593 1217 738 1284 lumine
769 1218 899 1305 caligo
927 1223 994 1283 aut
1023 1218 1114 1303 quid

95 1307 309 1374 obstiterit.
355 1306 467 1390 Vsque
498 1307 577 1371 adeo
609 1308 701 1392 parvi
734 1307 813 1374 fecit
844 1307 988 1373 rationes
1021 1320 1141 1374 verast

96 1397 174 1463 solis
198 1402 231 1461 et
253 1396 350 1460 lunae
373 1395 593 1461 deficientium
616 1395 668 1461 vel
691 1397 773 1462 scire
796 1396 848 1462 vel
870 1396 984 1461 dicere.

544 1590 664 1656 XXIX.

53 1717 81 1759 15
208 1711 354 1782 Apologus
374 1713 478 1783 Aesopi
496 1712 617 1782 Phrygis
636 1712 795 1766 memoratu
812 1729 869 1767 non
888 1711 1006 1768 inutilis.

163 1840 338 1925 Aesopus
366 1839 422 1904 ille
450 1839 635 1926 ePhrygia
661 1839 827 1904 fabulator
854 1838 935 1904 haut
961 1837 1141 1904 inmeritol

97 1931 226 2016 sapiens
250 1928 455 1995 existimatus
479 1933 539 2014 est,
561 1951 645 2020 cum,
672 1950 755 2012 quae
777 1927 873 1993 utilia
895 1927 1023 1993 monitu
1046 1949 1117 1993 sua
1162 1965 1166 1978 ›

97 2040 198 2104 suque
223 2022 324 2103 crant,
350 2039 418 2082 non
441 2040 550 2082 severe
572 2039 677 2102 neque
699 2017 873 2103 imperiose
895 2017 1061 2103 praecepit
1083 2022 1117 2082 et

96 2109 237 2193 censuit,
264 2110 302 2170 ut
323 2105 527 2191 philosophis
551 2129 622 2171 mos
646 2111 710 2193 est,
738 2108 794 2172 sed
821 2106 957 2172 festivos
980 2106 1117 2171 delecta-

56 2198 244 2280 utilesque
273 2196 431 2282 apologos
459 2200 675 2281 commentus,
702 2218 754 2260 res
783 2196 957 2261 salubriter
980 2217 1017 2260 ac
1044 2217 1117 2279 pro·

98 2286 272 2372 spicientcr
291 2285 531 2350 animadversas
549 2285 585 2348 in
598 2290 723 2350 mentes
738 2285 928 2368 animosque
946 2284 1117 2348 hominum

96 2398 172 2442 cum
204 2372 354 2438 audiendi
385 2373 524 2457 quadam
553 2373 716 2438 inlecebra
745 2373 860 2438 induit.
905 2372 1006 2438 Velut
1034 2372 1142 2438 haeca

97 2465 167 2529 eius
185 2462 319 2528 fabula
338 2463 381 2527 de
396 2461 571 2527 aviculae
589 2462 723 2526 nidulo
741 2462 847 2547 lepide
862 2466 959 2546 atque
978 2461 1117 2526 iucunde

95 2554 278 2640 premonet,
300 2573 391 2635 spem
413 2551 629 2633 fiduciamque
647 2571 765 2636 rerum,
788 2572 868 2634 quas
892 2549 1020 2615 efficere
1044 2550 1117 2633 quis

57 2657 83 2698 2⁵
97 2642 213 2728 possit,
234 2639 317 2704 haut
338 2661 494 2723 umquam
516 2639 551 2703 in
570 2638 644 2724 alio,
668 2639 724 2703 sed
746 2639 782 2702 in
800 2639 975 2724 semetipso
998 2638 1119 2703 haben-

97 2732 180 2797 dam.
227 2726 387 2793 ‘Avicula’
416 2727 524 2812 inquit
547 2728 610 2792 ‘est
631 2749 745 2812 parva,
771 2748 892 2792 nomen
914 2733 965 2792 est
987 2727 1144 2793 cessitas

96 2819 237 2885 Habitat
257 2817 489 2900 nidulaturque
511 2815 546 2880 in
569 2816 749 2902 segetibus,
770 2816 805 2880 id
827 2814 929 2880 ferme
951 2816 1146 2903 temporis,4

97 2915 135 2975 ut
158 2912 292 2995 appetat
321 2905 437 2970 messis
468 2905 567 2990 pullis
597 2905 664 2970 iam
692 2905 759 2970 iam
788 2904 1021 2990 plumantibus.
1067 2905 1144 2970 Eat

98 2997 218 3064 cassita
245 2997 281 3061 in
308 3000 468 3060 sementes
496 2993 581 3059 forte
609 2999 819 3081 congesserat
844 2994 1119 3080 tempestiviorcs3

57 3102 83 3142 ³⁰
97 3090 270 3173 propterea
292 3084 465 3149 frumentis
483 3083 733 3150 flavescentibus
752 3083 834 3168 pulli
853 3083 1049 3148 etiamtunc
1071 3083 1119 3147 in·

97 3175 245 3241 volucres
276 3178 376 3240 erant.
429 3172 518 3237 Dum
548 3173 652 3258 igitur
680 3172 753 3257 ipsa
782 3172 846 3237 iret
876 3171 986 3238 cibum
1017 3172 1154 3257 pullisc.

98 3264 292 3350 quaesitum,
314 3265 427 3328 monet
450 3282 515 3346 eos,
537 3266 584 3346 ut,
608 3261 635 3325 si
659 3261 737 3343 quid
759 3261 807 3325 ibi
830 3261 877 3325 rei
900 3281 1003 3325 norae
1025 3261 1119 3326 fieret

98 3354 307 3439 dicereturve,
325 3350 618 3417 animadverterent
635 3348 733 3433 idque
746 3349 796 3415 uti
811 3349 884 3436 sibi,
901 3348 959 3413 ubi
972 3348 1119 3436 redisset,

97 3443 295 3508 nuntiarent.
345 3439 508 3506 Dominus
538 3443 653 3525 postca
677 3443 824 3525 segetum
853 3438 984 3503 illarum
1013 3437 1145 3504 filium?

59 3548 85 3590 ³⁶
100 3533 339 3599 adulescentem
362 3533 458 3594 vocat
481 3533 514 3593 et
537 3527 691 3593 ‘videsne'
714 3527 824 3612 inquit
847 3527 937 3592 ‘haec
956 3531 1118 3592 ematuru-
