2392 3886
533 151 581 207 lv.
598 169 628 207 ιι
645 169 686 207 ιιι.
1052 151 1116 219 158

98 312 230 379 civilis
254 313 435 378 secundo:
466 312 655 378 Furiosus
678 318 854 379 mutusve
878 314 987 379 cuive
1015 315 1117 400 quod

98 402 307 475 membrum
339 402 510 467 lacerum
540 402 765 485 laesumque
802 407 861 467 est
892 407 959 468 aut
992 404 1117 490 obest,

98 514 172 576 quo
202 490 286 576 ipso
313 491 440 556 minus
468 495 582 576 aptus
608 490 676 577 sit,
704 491 877 556 morbosi
901 496 999 556 sunt.
1045 491 1116 569 oui

97 584 241 645 natura
262 579 378 666 longe
402 579 528 645 minus
551 579 658 645 videt
679 584 757 645 tam
780 602 896 646 sanus
924 585 985 645 est
1007 603 1117 666 quam

70 669 164 753 oqui
187 669 338 735 tardius
362 669 494 734 currit.

576 897 637 964 III.

100 1019 181 1087 Quod
198 1020 295 1075 nullae
312 1020 429 1076 fuerunt
446 1021 488 1076 rei
506 1019 622 1076 uxoriae
645 1019 805 1076 actiones'
796 1037 827 1074 ιιι
849 1020 919 1076 urbe
937 1021 1029 1103 Roma
1051 1023 1119 1078 ante

135 1089 329 1147 Carvilianum
346 1091 512 1159 divortium
533 1094 626 1175 atque⁸
637 1090 720 1159 inibi,
739 1090 809 1160 quid
828 1091 868 1147 sit
884 1091 998 1162 proprie
1016 1093 1119 1163 paelex

135 1178 264 1232 quaeque
283 1161 343 1217 eius
361 1163 493 1218 vocabuli
511 1163 584 1218 ratio
604 1162 649 1219 sit.

58 1314 87 1356 ιι
165 1288 342 1354 Memoriae
366 1289 523 1356 traditum
546 1294 606 1375 est,
628 1289 816 1376 quingentis
839 1289 906 1355 fere
925 1290 1019 1355 annis
1042 1294 1143 1376 posti

98 1378 239 1444 Romam
269 1377 434 1444 conditam
462 1378 569 1443 nullas
599 1379 647 1443 rei
676 1378 809 1443 uxoriae
837 1401 943 1463 neque
972 1379 1117 1445 actiones

98 1489 204 1551 neque
233 1467 400 1532 cautiones
430 1467 466 1531 in
494 1467 574 1532 urbe
601 1466 709 1532 Roma
738 1472 795 1532 aut
823 1468 859 1532 in
880 1466 978 1532 Latio
1007 1468 1119 1554 fuisse,

99 1556 254 1640 quoniam
267 1556 415 1641 profecto
429 1555 513 1620 nihil
531 1555 807 1640 desiderabantur,
823 1556 922 1621 nullis
939 1555 1118 1622 etiamtumc

98 1644 317 1711 matrimoniis
332 1644 576 1710 divertentibus.
605 1643 761 1709 Servius
776 1666 905 1730 quoque
920 1642 1144 1730 Sulpiciana

58 1757 86 1798 ιι
99 1735 140 1799 in
161 1733 281 1819 libro,
304 1755 401 1819 quem
424 1733 609 1818 composuit
626 1733 670 1798 de
693 1733 865 1818 dotibus,
887 1737 959 1797 tum
976 1733 1119 1818 primum

99 1823 266 1889 cautiones
293 1823 341 1888 rei
368 1823 501 1888 uxoriae
533 1822 733 1887 necessarias
761 1843 832 1886 esso
859 1821 946 1887 visas
979 1821 1119 1907 scripsit,

99 1934 175 1978 cum
198 1909 335 1997 Spurius
359 1909 535 1997 Carvilius,
561 1911 614 1977 cui
641 1910 739 1998 Ruga
765 1915 1019 1997 cognomentum
1046 1909 1120 1995 fuit,

98 2001 150 2066 vir
171 2000 303 2088 nobilis,
327 2000 504 2066 divortium
527 2022 601 2065 cum
623 2021 724 2065 uxore
746 1999 835 2086 fecit,
861 1999 939 2085 quia
960 1999 1056 2065 liberi
1079 2021 1120 2064 ex

99 2112 139 2154 ea
162 2089 307 2175 corporis
325 2088 407 2154 vitio
424 2111 492 2154 non
512 2090 733 2191 gignerentur,
755 2110 840 2154 anno
859 2088 950 2153 urbis
970 2088 1119 2154 conditae

58 2201 85 2240 so
100 2177 362 2265 quingentesimo
393 2178 548 2244 vicesimo
581 2178 680 2242 tertio
710 2177 753 2244 M.
776 2177 896 2263 Atilio,
927 2176 963 2242 P
986 2176 1119 2242 Valerio

100 2267 297 2333 consulibus.
338 2267 479 2351 Atque
469 2288 499 2330 rs
517 2264 678 2332 Carvilius
696 2267 838 2332 traditur
855 2229 999 2351 ιιιοιιιιι,
1022 2289 1120 2351 quam

100 2355 239 2440 dimisit,
266 2356 395 2442 egregie
423 2355 574 2421 dilexisse
602 2355 867 2440 carissimamque
894 2377 1023 2421 morum
1050 2353 1120 2419 eius

101 2445 210 2531 gratia
222 2407 386 2528 liabuisse,
404 2447 455 2508 set
467 2444 677 2508 iurisiurandi
691 2444 884 2531 religionem
898 2443 1007 2507 animo
1021 2446 1120 2526 atque

38 2552 41 2556 ·
100 2532 205 2597 amori
227 2532 456 2616 praevertisse,
483 2532 607 2617 quod
597 2553 705 2596 1urare
729 2555 749 2596 a
771 2531 960 2598 censoribus
987 2536 1120 2596 coactus

58 2640 86 2682 as
101 2625 182 2705 erat,
198 2641 334 2684 uxorem
353 2642 387 2684 se
406 2619 546 2685 liberum
560 2621 783 2704 quaerundum
801 2620 909 2706 gratia
921 2618 1119 2684 habiturum.

168 2672 352 2773 ‘Paelicem’
364 2712 473 2773 autem
488 2709 685 2793 appellatam
693 2709 949 2793 probrosamque
963 2707 1146 2793 habitam,s

100 2819 183 2884 quae
205 2797 317 2862 iuncta
335 2801 552 2881 consuetaque
576 2801 662 2862 esset
685 2819 760 2862 cum
783 2818 831 2881 ιο,
852 2796 889 2859 in
907 2795 998 2861 ouius
1021 2818 1120 2861 manu

100 2885 327 2970 mancipioque
358 2886 423 2950 alia
454 2885 655 2951 matrimonii
687 2907 786 2950 causa
816 2848 917 2968 loret,
947 2883 1009 2949 hac
1039 2884 1120 2948 anti-

100 2974 260 3058 quissima
281 2975 367 3075 lege
392 2974 583 3059 ostenditur,
606 2997 704 3060 quam
722 2972 868 3040 Numae
890 2973 996 3059 regis
1018 2972 1119 3038 fuisse

59 3063 298 3164 occoepimus:
330 3062 471 3128 Paelex
499 3063 787 3128 aramlunouis
814 3084 860 3126 ne
887 3061 1057 3148 tangito·
1087 3060 1119 3126 si

100 3152 245 3238 tangit,
271 3151 412 3216 Iunoni
435 3152 611 3218 crinibus
638 3151 818 3216 demissis
846 3171 985 3237 agnum
1011 3148 1120 3215 femi-

99 3264 186 3306 nam
209 3240 371 3306 caedito.

168 3328 387 3394 Paelex't
330 3333 387 3395 aut
388 3352 440 3394 em
455 3350 548 3412 quas1
539 3327 703 3410 scillae,
721 3327 756 3392 id
774 3332 825 3392 est
843 3348 938 3410 quasi
927 3326 1119 3401 παλλακίς.

101 3416 149 3570 {t
165 3417 319 3502 ploraque
338 3418 411 3504 alia,
427 3418 476 3482 ita
493 3417 557 3482 hoc
576 3438 704 3501 quoque
723 3416 918 3481 vocabulum
936 3415 975 3479 dc
995 3413 1118 3479 Graeco

60 3522 87 3563 as
125 3527 221 3570 oxum
243 3510 301 3571 ιιι
