2392 3886
131 144 195 207 104
573 142 607 197 ΙΙ.
625 160 691 197 xm.

84 320 119 368 ιι
129 304 306 389 favonium,
324 327 343 369 a
362 310 519 389 quattuor
537 304 618 370 caeli
636 304 796 390 partibus,
813 326 894 388 quas
913 303 1011 388 quasi
1028 304 1139 389 primas

128 393 383 479 nominavimus,
406 394 530 459 oriente
558 393 683 459 scilicet
705 397 804 476 atque
830 392 1001 459 occidente
1027 392 1140 475 lutiori·

87 483 192 547 18bus
218 488 316 583 atque
340 482 552 568 simplicibus,
573 503 641 547 non
662 480 847 567 tripertitis
887 479 1018 547 Partim
1040 486 1140 547 auten

129 576 216 657 sunt,
238 571 294 655 qui
316 592 377 656 pro
400 576 476 637 octo
499 569 670 636 duodecim
691 570 829 656 faciant,
850 570 970 636 tertios
993 574 1141 654 quattuor

128 660 163 724 in
181 623 288 725 niedia
310 659 383 725 loca
404 660 585 724 inserentes
603 659 726 725 circum
744 622 913 725 meridiem
936 661 1000 741 [et]
1024 664 1145 763 septen
1156 680 1166 722 ι

128 749 252 814 triones
276 747 387 813 eadem
410 747 551 833 ratione,
578 770 644 831 qua
665 747 798 813 secundi
820 750 980 831 quattuor
1006 740 1145 815 intersiti

129 843 207 902 sunt
224 838 311 902 inter
329 836 489 922 primores
503 799 584 901 dubs
599 835 686 921 apud
701 836 859 902 orientem
872 836 1140 938 occidentemque

85 939 120 988 ιι
198 924 283 990 Sunt
296 946 394 1010 porro
413 924 479 990 alia
497 925 653 1009 quaedem
671 924 806 989 nomina
822 945 916 1009 quasi
906 924 1141 1010 peculiarium

128 1019 311 1099 ventorum,
329 1035 412 1098 quae
424 1013 551 1081 incolae
564 1013 601 1077 ιιι
614 1012 683 1078 suis
703 1013 840 1097 quisque
857 1012 1051 1099 regionibus
1068 1014 1141 1079 feci»

128 1108 206 1166 runt
229 1106 287 1167 aut
309 1123 349 1167 ex
371 1102 519 1188 locorum
541 1101 723 1186 vocabulis,
744 1101 780 1166 in
802 1100 922 1185 quibus
944 1103 1070 1189 colunt,
1090 1106 1167 1169 antu

127 1212 168 1254 ex
186 1190 251 1255 alia
274 1212 338 1274 qua
356 1213 463 1276 causa,
486 1212 568 1275 quae
586 1190 628 1254 ad
649 1189 833 1256 faciendum
851 1190 1049 1257 vocabulum
1067 1190 1141 1257 acei-

82 1294 119 1343 ιο
129 1279 229 1345 derat
281 1278 397 1344 Nostri
428 1301 568 1381 namque
602 1277 689 1343 Galli
723 1283 857 1343 ventum
887 1300 927 1343 ex
964 1301 1026 1345 ιιι
1061 1284 1142 1345 terra

128 1369 272 1452 flantem,
294 1390 391 1452 quem
409 1367 635 1433 saevissimum
654 1366 867 1468 patiuntur,‘
868 1366 1017 1433 cmcium'
1041 1368 1141 1453 appel·

82 1457 198 1521 sllant
217 1479 237 1521 a
254 1419 385 1521 turbine
385 1456 538 1542 ,opinor,
555 1455 625 1520 eius
644 1476 681 1520 ac
699 1454 874 1557 uertigine,
897 1457 965 1537 [ex]
982 1450 1141 1539 Ἰαπυγιιιι

105 1545 232 1646 ipsius
255 1566 310 1609 ore
337 1544 601 1661 proficiscentem
624 1543 718 1628 quasi
746 1544 872 1609 sinibus
893 1543 998 1629 Apuli
1024 1546 1168 1631 ecdemu

83 1647 195 1719 raquo
222 1634 287 1720 ipsi
315 1638 406 1720 sunt,
431 1633 564 1698 nomine
591 1632 771 1719 ‘iapygem'
799 1632 920 1698 dicunt.
965 1633 1056 1699 Eum
1078 1654 1141 1699 esse

127 1724 362 1809 propemodum
381 1744 517 1789 caurum
535 1721 701 1806 existim03
718 1743 795 1786 nam
813 1725 847 1786 et
865 1726 917 1786 est
935 1721 1141 1788 occidentalis

82 1826 117 1875 ιι
127 1818 162 1877 et
179 1813 307 1879 videtur
325 1813 536 1878 exadversum
554 1832 669 1875 eurum
686 1772 773 1875 liare.
810 1809 926 1894 Itaque
942 1809 1141 1897 Vergilius

127 1898 336 2055 Cleopatram
359 1923 377 1966 e
403 1899 512 1966 navali
539 1898 703 1983 proelio
692 1920 728 1963 ιιι
750 1899 938 1985 Aegyptum
964 1898 1142 1986 fugientem

127 1997 226 2055 vento
248 1992 389 2075 iapyge
412 1988 491 2054 ferri
509 1988 566 2073 ait,
588 2008 681 2054 ecum
705 2008 834 2072 quoque
855 1987 1003 2073 Apulum
1025 1988 1171 2092 eodem»

83 2091 193 2162 atquo
208 2084 352 2162 ventum,
369 2075 565 2143 vocabulo‘'
554 2098 708 2163 1apygem
709 2074 924 2161 'appellavit
964 2076 1030 2142 Est
1049 2077 1142 2143 etiam

127 2172 244 2232 ventus
267 2165 399 2231 nomine
422 2165 571 2231 caecias'
572 2187 705 2251 ,quem
726 2164 968 2230 Aristoteles
997 2165 1049 2231 ita
1071 2166 1143 2231 flare

127 2256 221 2340 dicit,
249 2260 287 2318 ut
308 2254 413 2319 nubes
436 2275 503 2319 non
525 2255 640 2339 procul
667 2252 843 2340 propellat,
871 2252 928 2319 sed
950 2257 989 2318 ut
1011 2254 1056 2319 sd
1079 2274 1143 2321 sese

128 2307 232 2429 vocei,
255 2365 294 2408 ex
318 2365 382 2427 quo
400 2365 531 2408 versum
553 2343 656 2408 istum
677 2342 916 2427 proverbialem
937 2341 1067 2409 factum
1089 2343 1143 2409 ait·

164 2431 311 2497 Ἕιιιιιν
333 2429 391 2517 ἐφ’
418 2431 540 2498 αὑτὸν
562 2431 659 2497 ὥστε
681 2433 834 2507 καικίας
856 2428 986 2515 νέφος.
1153 2445 1174 2490 ιι

83 2534 119 2584 25
195 2521 328 2586 Praeter
350 2521 412 2586 hos
432 2526 551 2606 autem,
569 2541 651 2604 quos
670 2520 746 2605 dixi,
769 2524 847 2584 sunt
864 2518 921 2584 alii
942 2518 1145 2603 plurifariam

128 2610 218 2674 venti
241 2610 461 2676 commenticii
484 2614 517 2675 et
541 2631 617 2674 suae
641 2609 778 2692 quisque
800 2606 943 2693 regionis
966 2607 1146 2696 indigenae,

128 2702 240 2763 uites
225 2698 498 2763 tHoratianus
523 2719 651 2782 quoquc
673 2696 729 2761 ille
748 2695 924 2762 atabulus'
924 2716 1041 2781 ,quos
1058 2698 1146 2813 ipsos

129 2809 259 2871 quoque
274 2793 484 2854 exsecuturus
499 2785 560 2851 fui·
553 2785 838 2872 ,addidissemque
852 2806 917 2871 eos,
931 2784 988 2868 qui
1002 2783 1146 2852 etesiac'

130 2881 163 2940 et
194 2876 383 2961 prodromi’
413 2874 659 2961 appellitantur,
688 2874 744 2958 qui
772 2878 862 2939 certo
891 2878 1042 2959 tempore
1066 2874 1179 2977 ιιιιιι,ιι

130 2986 205 3028 cum
229 2965 318 3031 cauis
347 2965 465 3050 oritur,
492 2986 532 3028 ex
554 2963 620 3028 alia
643 2970 741 3048 atque
768 2962 833 3027 alia
859 2966 952 3048 parte
980 2964 1065 3028 caeli
1088 2963 1148 3049 spi·

128 3057 213 3137 rant,
235 3053 444 3136 rationesque
467 3052 613 3118 omnium
630 3051 874 3153 yocabulorum,
896 3050 1055 3135 quoniam
1076 3052 1149 3155 plur

128 3141 226 3225 paulo
251 3141 372 3227 adhibi,
394 3140 584 3226 effutissem,
605 3139 670 3205 ιιιιι
661 3139 825 3205 multa
815 3161 882 3204 ram
903 3160 1022 3224 prosus
1048 3141 1149 3207 omui·

131 3230 193 3295 bur
217 3230 311 3295 vobis
339 3228 553 3295 reticentibus
575 3192 676 3294 'verba
703 3228 867 3313 fecissem,
894 3228 988 3312 quasi
1010 3228 1110 3295 fieret
1131 3251 1151 3295 ι

83 3330 120 3380 26
130 3341 182 3383 me
201 3318 358 3403 ἀκρόασις
376 3316 585 3400 ἐπιδεικτική.
625 3317 666 3382 In
684 3316 832 3382 convivio
852 3321 961 3382 autem
983 3316 1182 3402 frequentis

128 3407 219 3490 loqui
244 3409 350 3473 solum
369 3428 480 3491 unum,
501 3428 605 3490 neque
624 3406 799 3471 honestum
818 3405 879 3470 est’
903 3405 1012 3489 inquit
1031 3405 1150 3492 ‘neque

129 3497 356 3565 commodum'.

185 3811 215 3850 A
