2392 3886
76 112 119 181 36
356 110 536 169 sarissas
554 112 620 171 ue.
640 111 715 168 xm.
734 112 794 167 xx.

142 282 209 341 Vll.
244 281 322 353 Quid
351 281 391 341 sit
419 275 579 360 ‘obesum’3
607 283 812 359 nonnullaque
835 282 898 342 alia
919 283 1021 360 prisca
1045 303 1097 345 vo-

75 372 193 434 cabula.
465 396 469 403 ·

142 460 223 520 Vlll.
257 457 414 536 Quaestio,
438 477 477 518 an
500 452 644 537 ‘harena',
668 453 819 538 ‘caelum',
842 454 1003 520 ‘triticum'
1029 463 1096 538 plu-

76 550 155 611 ralia
178 547 384 625 inveniantur,
412 551 503 626 atque
527 548 601 608 inibi
624 549 660 608 de
684 542 873 628 quadrigis,
896 543 1098 630 inimicitiis,

76 639 231 701 nonnullis
259 639 416 713 praeterea
438 636 607 716 vocabulis,
631 656 670 697 an
693 638 842 716 singulari
865 657 991 700 numero
1017 659 1097 701 com-

75 729 240 806 peliuntur

142 817 193 876 IX.
225 814 353 875 Antonii
375 815 524 874 Iuliani
515 835 547 873 m
570 815 707 876 convivio
732 815 770 875 ad
794 815 941 892 quosdam
964 815 1097 879 Graecos

75 905 262 983 lepidissima
284 904 447 978 responsio.

142 994 176 1053 X.
209 993 309 1053 Verba
326 992 401 1051 haec
419 986 551 1068 praeter
568 985 713 1071 propter',
730 993 763 1051 in
781 1011 841 1053 usu
858 994 946 1072 vulgi
963 938 1097 1075 prodita,

77 1084 169 1144 etiam
192 1081 283 1142 Ennii
305 1081 407 1141 fuisse

142 1172 192 1231 XI.
224 1170 315 1231 Ponit
345 1187 450 1230 versus
473 1169 609 1229 Platonis
633 1170 809 1249 amatorios,
832 1189 908 1249 qnos
931 1171 1098 1233 admodum

4 1334 8 1341 ⁵
77 1261 196 1322 invenis
219 1260 302 1337 lusit,
326 1256 400 1318 dum
422 1257 587 1337 tragoediis
609 1258 773 1318 contendit.

142 1349 208 1408 XII.
245 1347 425 1408 Dissertatio
453 1346 582 1406 Herodis
609 1346 707 1407 Attici
739 1366 830 1425 super
861 1349 892 1410 ri
925 1351 956 1408 et
986 1353 1097 1410 natum
1184 1408 1194 1417 ,

78 1438 191 1499 doloris
216 1455 348 1514 suaeque
372 1435 520 1511 opinionis
538 1435 700 1496 affirmatio
719 1455 773 1512 per
792 1436 964 1513 exemplum
981 1438 1096 1500 indocti
1182 1436 1184 1442 ’

80 1527 196 1604 rustici,
221 1527 273 1603 qui
297 1544 366 1585 cum
388 1524 472 1584 rubis
495 1524 667 1584 fructiferas
690 1525 812 1586 arbores
835 1525 993 1602 praecidit.

145 1615 228 1676 ΧΙΙΙ.
276 1614 356 1685 Quos
395 1605 598 1691 ‘pumiliones’
635 1613 775 1694 dicimus,
813 1612 926 1675 Craece
959 1609 1095 1689 ‘vinoun’
1124 1692 1127 1697 Ι

76 1706 232 1783 appellari.

141 1794 222 1854 XIV.
255 1793 528 1868 Contemporaneos
558 1791 652 1850 fuisse
680 1790 802 1851 Caesari
831 1794 863 1851 et
890 1790 1031 1853 Ciceroni
1056 1791 1093 1853 ll

74 1883 242 1943 Varronem
269 1886 301 1943 et
321 1882 354 1940 P.
377 1880 548 1959 Nigidium,
575 1879 685 1940 aetatis
712 1898 784 1940 suae
812 1880 1004 1943 doctissimos
1029 1883 1089 1943 Ro·

78 1990 196 2048 manos,
225 1975 256 2030 et
283 1970 364 2047 quod
393 1968 510 2046 Nigidii
539 1969 806 2029 commentationes
835 1972 960 2046 propter
990 1989 1094 2032 earum

78 2059 295 2120 obscuritatem
317 2057 578 2135 subtilitatemque
601 2059 633 2115 in
654 2058 766 2136 vulgus
790 2076 850 2117 non
873 2057 1010 2136 exeunt]

317 2216 517 2277 CAPITVLA
540 2217 652 2277 LIBRI
675 2216 863 2278 VICESIMI.

143 2326 166 2385 Ι.
202 2325 378 2401 Disputatio
411 2323 476 2383 Sex.
509 2322 633 2383 Caecilii
663 2324 863 2384 iureconsulti
895 2327 926 2384 et
953 2324 1096 2386 Favorini

78 2414 254 2493 philosophi
277 2415 313 2474 de
336 2414 455 2492 legibus
478 2411 636 2472 duodecim
657 2413 840 2514 tabularum
933 2501 940 2514 .

77 2593 235 2672 significet.

146 2682 200 2742 HI.
234 2680 332 2751 Quam
354 2681 392 2740 oh
415 2697 537 2739 causam
555 2679 589 2737 L.
608 2678 718 2738 Accius
742 2681 832 2755 poeta
849 2677 881 2736 in
900 2679 1096 2757 pragmaticis

79 2772 250 2832 sicinnistas
274 2765 462 2830 ‘nebuloso
486 2761 638 2828 nomine'
663 2785 727 2828 esse
751 2767 867 2826 dixerit.

145 2861 196 2920 IV.
236 2859 397 2918 Artificum
428 2856 633 2917 scaenicorum
665 2855 800 2915 studium
832 2874 1024 2934 amoremque
1052 2856 1097 2917 in·

79 2949 242 3009 honestum
264 2948 501 3025 probrosumque
525 2964 602 3023 esse3
631 2947 662 3004 et
685 2963 776 3020 snper
798 2962 834 3004 ea
856 2963 889 3004 re
911 2945 1006 3006 verba
1027 2945 1097 3006 Ari-

79 3038 197 3098 stotelis
220 3036 391 3114 philosophi
414 3034 575 3110 adscripta.

146 3127 181 3186 V.
221 3126 366 3202 Exempla
393 3123 594 3201 epistularum
620 3121 784 3182 Alexandri
810 3121 892 3200 regis
919 3125 951 3182 et
977 3122 1098 3185 Aristo

80 3215 150 3276 telis
183 3214 369 3292 philosophi,
401 3214 446 3273 ita
477 3213 525 3273 uti
557 3214 628 3272 sunt
660 3211 755 3287 edita,
783 3229 877 3288 eaque
904 3209 937 3270 in
960 3211 1100 3290 linguam

79 3304 222 3365 Latinam
243 3321 337 3364 versa.

147 3393 213 3452 VI.»
233 3392 412 3464 Quaesitum
441 3393 531 3469 atque
561 3392 740 3466 tractatum,
770 3393 876 3448 utrum
903 3388 961 3448 siet
984 3390 1100 3451 rectius

80 3482 178 3543 dicere
202 3476 309 3543 ‘habeo
333 3499 438 3541 curam
458 3472 572 3555 vestri',
596 3497 635 3537 an
658 3470 824 3537 ‘vestrum'.
