2392 3886
110 145 177 210 140
519 143 567 200 ΠΙ.
585 163 629 201 xv.
647 163 701 201 xvr.

83 307 266 372 afeminam
289 305 384 373 Naxo
406 306 522 372 insula.
568 307 814 393 Philippides
838 330 975 393 quoque,
1002 329 1129 374 comoe-

111 397 237 461 diarum
259 401 358 480 poeta
379 396 461 463 haut
483 396 649 482 ignobilis,
667 400 774 462 aetate
792 397 858 461 iam
877 396 973 483 edita,
997 419 1071 462 cum
1092 399 1129 462 in

111 485 286 551 certamine
304 490 476 571 poetarum
493 489 622 570 praeter
641 506 732 570 spem
749 485 882 551 vicisset
900 492 934 551 et
949 485 1127 551 laetissime

85 585 101 634 3
135 573 278 659 auderet,
295 573 381 640 inter
398 573 480 638 illud
498 573 654 660 gaudium
671 579 804 660 repente
823 578 973 640 mortuus
992 580 1050 639 est.
1078 573 1130 639 De

109 595 216 728 hodio
239 662 339 729 etiam
362 661 510 749 Diagora
537 663 700 728 celebrata
727 663 868 728 historia
890 667 948 728 est.
994 662 1028 728 Is
1051 662 1129 729 Dia·
1157 683 1170 722 5

111 773 207 838 goras
236 750 296 817 tris
323 750 409 816 filios
437 749 660 830 adulescentes
686 751 818 838 habuit,
845 773 947 817 unum
973 751 1129 838 pugilem,

111 841 250 906 alterum
271 839 524 926 pancratiasten,
547 840 682 906 tertium
700 839 903 906 luctatorem.
934 839 1002 905 Eos
1023 841 1129 906 omnis

28 958 31 963 ·
110 928 193 995 vidit
211 928 339 994 vincere
362 926 574 1015 coronarique
593 927 764 1014 Olympiae
782 930 896 994 eodem
920 928 971 994 die
995 933 1037 1014 ct,
1055 952 1129 995 oum

110 1017 159 1083 ihi
183 1039 258 1083 eum
280 1022 347 1083 tres
371 1017 593 1083 adulescentes
616 1017 757 1104 amplexi
781 1018 910 1083 coronis
934 1017 1001 1084 suis
1024 1017 1060 1081 in
1078 1040 1129 1083 ca·

111 1110 172 1191 put
189 1105 293 1191 patris
311 1105 429 1193 positis
448 1105 659 1192 saviarentur,
672 1127 748 1172 cum
761 1107 902 1192 populus
919 1105 1170 1193 gratulabun-10

112 1195 173 1260 dus
200 1194 297 1260 flores
324 1194 467 1280 undiquc
494 1194 530 1260 in
557 1217 631 1260 eum
658 1194 793 1280 iaceret,
819 1195 941 1259 ibidem
963 1195 999 1258 in
1023 1195 1129 1259 stadio

111 1283 316 1369 inspectante
334 1283 456 1369 populo
474 1282 510 1348 in
525 1283 645 1350 osculis
660 1287 758 1368 atque
772 1283 808 1346 in
821 1284 972 1349 manibus
987 1283 1130 1348 filiorum

114 1372 256 1437 animam
279 1371 412 1437 efflavit.

86 1469 104 1518 4
180 1459 353 1526 Praeterea
369 1461 410 1524 in
426 1459 576 1526 nostris
591 1459 797 1525 annalibus
810 1460 968 1546 scriptum
981 1459 1131 1546 legimus,

113 1571 177 1634 qua
204 1554 397 1635 tempestate
425 1549 510 1634 apud
528 1546 657 1614 Cannas
676 1549 838 1615 exercitus
857 1549 970 1635 populi
988 1549 1129 1613 Romani
1145 1566 1171 1606 1⁵

113 1658 226 1703 caesus
249 1644 308 1724 est,
330 1659 429 1703 anum
451 1642 590 1703 matrem
611 1637 729 1703 nuntio
753 1637 792 1702 de
810 1641 916 1702 morte
934 1637 995 1702 filii
1019 1637 1131 1722 allato,

113 1725 203 1792 luctu
227 1732 324 1812 atque
347 1748 493 1792 maerore
513 1727 662 1793 affectam
680 1747 765 1813 esse3
789 1726 844 1790 sed
862 1726 892 1790 is
909 1725 1044 1790 nuntius
1063 1746 1131 1790 non

115 1836 207 1880 verus
239 1815 304 1880 fuit
335 1821 433 1901 atquc
465 1815 494 1881 is
527 1816 715 1881 adulescens
742 1835 811 1878 non
836 1814 893 1878 diu
919 1820 997 1899 post
1024 1836 1063 1878 ex
1092 1837 1130 1879 ea

113 1925 224 1990 pugna
250 1904 286 1969 in
312 1905 426 1969 urbem
448 1903 547 1988 redit,
574 1925 655 1969 anus
684 1907 817 1987 repente
844 1902 912 1967 filio
936 1903 1007 1967 viso
1035 1902 1131 1986 copia

115 1996 212 2076 atque
235 1993 334 2056 turba
355 1997 389 2056 et
412 1992 505 2076 quasi
528 1992 623 2057 ruina
644 1991 818 2057 incidentis
836 1991 998 2077 inopinati
1020 1990 1130 2077 gaudii
1145 2009 1171 2049 ao

117 2100 273 2163 oppressa
296 2080 543 2166 exanimataque
566 2085 625 2147 est.

579 2272 668 2340 XVI.

116 2385 262 2455 Temporis
277 2385 401 2442 varietas
416 2387 446 2443 in
459 2384 604 2457 puerperis
618 2383 922 2454 mulierumquaenam
936 2384 974 2439 sit
987 2383 1131 2439 amediois

152 2459 181 2519 et
191 2473 209 2510 a
221 2456 399 2526 philosophis
413 2457 533 2524 tradita;
548 2459 634 2525 atque
643 2455 874 2526 inibipoetarum
883 2457 1131 2524 quoqueveterum

152 2543 236 2597 super
254 2527 353 2583 cadem
371 2544 401 2583 rc
426 2527 574 2598 opiniones
596 2526 742 2596 multaque
765 2526 824 2582 alia
847 2525 947 2581 auditu
970 2528 1055 2595 atque
1074 2542 1131 2580 me·
1146 2546 1173 2586 25

151 2601 263 2653 moratu
285 2598 385 2669 digna3
408 2599 551 2668 verbaque
574 2597 639 2668 ipsa
660 2596 844 2669 Hippocratis
866 2597 980 2660 medici,
999 2614 1033 2652 ex
1058 2596 1131 2651 libro

151 2667 229 2723 illius
249 2673 368 2740 sumpta,
388 2669 437 2739 qui
454 2668 607 2739 inscriptus
627 2670 672 2722 est
689 2669 754 2737 περὶ
773 2668 886 2739 τροφῆς.

91 2801 105 2848 1
183 2788 228 2853 Et
241 2788 358 2853 medici
372 2791 406 2852 et
418 2786 606 2872 philosophi
619 2785 774 2850 inlustres
788 2785 827 2850 de
842 2788 987 2868 tempore
997 2783 1132 2847 humani

115 2881 229 2962 partus
253 2877 489 2962 quaesiverunt.
535 2873 642 2938 Multa
660 2873 770 2956 opinio
790 2877 849 2956 est,
867 2893 968 2955 eaque
986 2871 1053 2935 iam
1071 2892 1131 2955 pro

116 2986 193 3029 vero
216 2969 356 3050 recepta,
378 2967 553 3047 postquam
576 2960 722 3026 mulieris
744 2965 874 3024 uterum
893 2980 1003 3023 semen
1022 2980 1133 3024 conce·
1147 2979 1174 3019 ao

116 3053 211 3139 perit,
234 3052 325 3138 gigni
348 3050 515 3116 hominem
538 3049 679 3135 septimo
703 3053 858 3136 rarenter,
879 3068 1058 3133 numquam
1082 3069 1134 3113 oc-

116 3147 202 3227 tav0,
217 3161 312 3224 saepe
325 3160 423 3224 nono,
437 3138 566 3223 saepius
579 3158 715 3203 numero
729 3137 854 3203 decimo
865 3157 984 3222 mense,
994 3158 1133 3222 eumque

117 3251 188 3295 esse
206 3229 377 3294 hominum
396 3226 550 3314 gignendi
569 3249 732 3293 summum
750 3227 861 3291 finem:
880 3226 991 3291 decem
1004 3247 1131 3290 menses

92 3331 186 3385 anon
207 3318 365 3404 inceptos,
388 3316 444 3383 sed
467 3321 607 3381 exactos.
652 3315 754 3400 quue
772 3315 967 3399 Plautum,
989 3319 1132 3378 veterem

117 3412 258 3493 poetam,
281 3406 386 3471 dicere
409 3405 555 3470 videmus
578 3404 614 3469 in
636 3404 804 3470 comoedia
826 3401 1057 3469 Cistellaria
1079 3402 1131 3465 his
1147 3420 1173 3460 ss

116 3496 239 3562 verbis:
