2392 3886
84 148 126 215 28
370 146 548 205 CAPITVLA
564 147 632 204 LIB.
650 147 723 204 XIV.
742 146 802 203 XV.

150 317 188 378 II
222 316 318 387 Quem
346 316 377 377 in
404 316 526 378 modum
553 315 735 379 disseruerit,
751 315 920 378 Favorinus
943 316 1097 378 consultus

83 426 103 469 a
125 426 172 467 me
196 423 286 482 snper
308 404 406 467 officio
428 405 544 467 iudicis.

151 495 204 556 III.
237 495 287 556 An
306 493 419 555 aemuli
437 493 601 570 offensique
619 493 699 555 inter
716 511 782 555 sese
800 492 915 555 ιιιιιιιι
932 493 1097 571 Xenophon

84 588 116 645 et
136 584 232 645 Plato.

150 672 202 732 IV.
244 671 330 743 Quod
367 673 437 747 apte
474 668 661 747 Chrysippus
698 673 729 733 et
760 670 903 748 graphice
935 671 1096 750 imagInen

83 761 224 822 Iustitiae
246 759 377 821 modulis
400 759 609 836 coloribusque
632 759 793 820 verborum
815 760 961 836 depinxit

151 850 186 911 V.
218 848 270 909 Lis
294 852 384 925 atque
407 848 560 908 contentio
583 848 849 926 grammaticorum
871 849 987 908 Romae
1005 849 1094 909 inlus·

84 940 178 998 trium
206 940 346 997 enarrata
374 954 465 1014 super
492 954 564 997 casn
591 937 730 998 vocativo
758 937 912 1016 vocabuli,
944 937 1030 1015 quod
1054 938 1095 998 eet
1124 988 1126 1013 ,

86 1020 259 1105 egregins'.
1124 1050 1126 1059 ·

150 1116 201 1175 VI
235 1112 374 1175 Cuimodi
397 1113 467 1191 sint,
490 1132 567 1191 qnae
586 1114 717 1191 speciem
735 1114 941 1175 doctrinarum
957 1113 1126 1193 babeant
1123 1134 1126 1143 ·

85 1204 138 1264 sed
155 1221 252 1281 neque
271 1203 421 1263 delectent
438 1220 535 1279 usqne
553 1203 644 1263 utilia
661 1203 738 1263 sint·
730 1206 848 1281 ,atque
865 1202 942 1263 inibi
960 1203 1000 1263 de
1012 1221 1094 1265 voce·
1124 1204 1126 1287 l

84 1292 165 1353 bulis
188 1293 377 1370 singularum
398 1291 520 1351 urbium
541 1292 759 1370 regionumque
781 1292 950 1354 inmutatis.
1124 1366 1126 1371 ,

151 1381 218 1441 VII
251 1380 337 1451 Quod
363 1380 405 1442 Μ.
430 1378 528 1440 Varro
556 1379 608 1441 Gn.
635 1380 791 1459 Pompeio,
822 1381 940 1441 consuli
967 1380 1096 1485 primum
1124 1384 1126 1395 '

85 1470 257 1548 designato,
293 1469 542 1529 commentarium
577 1468 675 1548 dedit,
711 1487 801 1547 quem
837 1469 1047 1546 appellarit
1036 1486 1096 1547 ipsa

86 1551 311 1638 ‘stccynymtv',
334 1557 370 1618 de
394 1556 493 1618 officio
516 1560 639 1618 senatus
661 1557 801 1618 habendi.

153 1647 233 1707 VIII.
263 1646 441 1717 Quaesitum
459 1664 523 1707 esse
542 1646 779 1726 dissensumque,
797 1666 838 1706 an
855 1647 1030 1723 praefectus
1043 1646 1096 1707 Ia-

85 1737 218 1798 tinarnm
232 1754 323 1797 causa
336 1739 456 1797 creatus
469 1735 517 1796 ius
531 1740 653 1797 senatus
668 1735 852 1797 convocandi
861 1735 1097 1814 consulendique

85 1826 203 1886 habeat.

262 1981 462 2044 OAPITVLA
485 1980 596 2042 LIBRI
619 1982 760 2054 QVINTI
781 1982 931 2044 DEOIMI„

152 2087 175 2147 I.
213 2087 300 2158 Quod
331 2089 363 2149 in
393 2087 499 2158 Quinti
527 2088 647 2150 Claudii
678 2089 837 2150 annalibus
868 2088 1019 2165 scriptum
1048 2091 1101 2168 est,

86 2177 204 2256 lignum
226 2177 359 2236 alumine
383 2176 512 2237 oblitum
533 2195 594 2238 non
617 2177 729 2238 ardere.

152 2265 191 2328 IL
224 2264 311 2335 Quod
333 2265 421 2326 Plato
444 2266 476 2325 in
499 2265 598 2345 libris,
622 2285 697 2344 qnos
720 2267 756 2328 de
779 2264 899 2344 legibus
922 2267 1102 2344 composuit,

86 2354 232 2433 largiores
254 2354 454 2430 laetioresque
476 2354 509 2413 in
527 2355 672 2416 conviviis
691 2355 941 2415 invitatiunculas
959 2355 1026 2415 vini
1043 2374 1101 2417 non

87 2443 211 2504 inutiles
235 2460 299 2503 esse
323 2443 514 2504 existimavit.

152 2532 208 2594 III
240 2531 320 2602 Quid
341 2532 380 2593 Μ
410 2529 513 2592 Cicero
540 2532 577 2592 de
605 2532 756 2609 particula
786 2531 846 2592 ieta
873 2531 1003 2592 senserit
1031 2532 1100 2593 scri·

86 2621 250 2699 pseritque‚
268 2639 345 2698 quae
366 2621 538 2696 praeposita
557 2624 603 2680 est
620 2621 720 2681 verbis
739 2614 888 2698 ‘aufugio'
908 2623 940 2681 et
959 2614 1096 2697 ‘aufer0'3

87 2714 118 2770 et
145 2729 185 2770 an
215 2709 248 2769 in
274 2710 366 2770 verbo
395 2703 544 2769 autumo'
572 2709 677 2769 eadem
703 2710 798 2770 istaec
825 2709 1011 2786 praepositio
1030 2726 1099 2770 esse

86 2798 184 2860 videri
207 2798 322 2858 debeat.

152 2886 203 2947 IV.
245 2886 382 2947 Ηιιιοιιι
418 2885 455 2945 de
487 2885 630 2946 Ventidio
665 2886 774 2964 Basso,
812 2885 941 2964 ignobili
972 2850 1097 2963 homine,

87 2995 176 3053 quem
207 2975 339 3052 primum
370 2974 405 3034 de
433 2973 554 3034 Parthis
585 2932 788 3050 triumphasse
819 2975 981 3034 memoriae
1008 2973 1096 3036 ιιιᾰι·

85 3067 357 3254 tumvestmum
386 3144 537 3229 ‘profligo'
566 3169 584 3211 ι
611 3152 763 3230 plerisque
790 3152 850 3213 dici
875 3153 1030 3229 inproprie
1055 3152 1094 3212 in·

87 3246 273 3390 saiwa
303 3328 382 3390 libro
408 3328 448 3388 M.
477 3327 628 3390 Ciceronis
658 3330 695 3389 de
723 3329 821 3408 gloria
848 3328 979 3390 secundo
1006 3326 1095 3389 mani·

85 3419 198 3478 festum
225 3420 359 3479 erratum
385 3417 417 3477 in
444 3436 481 3477 ea
507 3420 606 3496 parte,
636 3419 668 3478 ιιι
691 3437 752 3495 qna
775 3418 989 3495 scriptumest
1012 3431 1108 3494 snper·

85 3507 215 3568 Hectore
239 3510 270 3566 et
292 3506 392 3566 Aiace.
