2392 3886
111 140 156 207 Μ
525 135 715 192 Emnm

179 300 269 365 Haeo
302 300 455 364 Bassus.
502 296 565 363 Sed
602 299 659 364 alii
695 298 829 383 quidam
865 297 1124 365 ‘divinationem'

111 412 182 455 esse
214 388 411 474 appellatam
440 392 573 474 putant,
600 388 769 473 qnoniam,
798 409 874 453 cum
902 392 1125 455 accusatoret

111 501 185 545 rens
205 478 287 543 duae
305 500 356 543 res
376 477 469 561 quasi
489 482 648 563 cognatae
667 477 928 563 coniunctaeque
945 476 1016 543 sint
1030 498 1127 563 nequo

112 572 189 634 utra
211 568 281 633 sine
304 568 407 633 altera
426 571 577 632 constare
599 566 715 652 possit,
737 565 774 631 in
794 565 859 632 hoc
881 571 998 633 tamen
1020 588 1127 655 genere

113 679 229 724 causae
259 680 333 723 reus
361 656 491 740 quidem
519 656 586 721 iam
613 659 678 741 est,
707 656 764 720 sed
791 660 966 722 aecusator
992 656 1153 721 nondum·

113 752 178 833 est,
205 747 381 812 etidcirco
406 745 492 829 quod
515 745 620 811 adhue
642 767 746 831 usque
769 744 861 809 deest
883 749 920 811 et
946 746 1033 811 latet
1060 744 1127 811 divi·

111 836 245 901 natione
265 835 480 920 supplendum
498 839 558 920 est,
577 834 727 918 quisnam
747 833 791 898 sit
804 838 981 900 accusator
998 834 1126 900 futurus.

602 1027 635 1093 V

113 1141 203 1208 Quam
226 1141 321 1211 lepide
343 1140 509 1212 signateque
533 1141 637 1197 dixerit
659 1140 815 1197 Favorinus
836 1140 1046 1213 philosophas,
1070 1140 1128 1213 qnid

270 1212 384 1267 intersit
402 1212 476 1268 inter
493 1211 622 1269 Platonis
641 1215 671 1268 at
689 1212 791 1283 Lysiae
808 1212 980 1270 orationem.
1136 1215 1155 1259 Β

91 1360 104 1410 1
182 1339 398 1405 Favorinus
426 1341 465 1405 de
488 1340 605 1426 Lysia
633 1345 667 1405 ct
695 1340 859 1406 Platone
882 1339 1007 1406 solitus
1035 1340 1128 1407 dicore

115 1435 179 1494 est:
203 1427 251 1494 ‘si
270 1451 310 1493 ex
328 1429 519 1494 Platonis'
543 1430 651 1514 inquit
670 1429 829 1495 ‘oratione
848 1428 990 1495 verbum
1008 1428 1129 1515 aliquod

115 1519 225 1583 demas
257 1522 403 1583 mutesve
431 1523 529 1602 atque
559 1519 593 1583 id
620 1517 920 1585 commodatissime
950 1518 1069 1605 facias,
1096 1518 1129 1583 de

115 1607 279 1695 elegantia
293 1611 403 1672 tamen
417 1608 609 1693 detraxeris3
628 1608 657 1672 si
672 1629 711 1673 ex
724 1606 879 1693 Lysiae,
897 1606 939 1671 de
953 1604 1130 1675 sententia’.

596 1801 653 1867 VI.
1140 1816 1159 1861 o

116 1917 224 1984 Quibus
242 1915 336 1971 verbis
350 1915 492 1984 ignaviter
511 1915 540 1968 et
559 1912 671 1967 abiecte
684 1912 828 1983 Vergilius
845 1930 914 1968 usus
934 1929 1000 1971 esse
1014 1913 1131 1983 dicatum

205 1988 235 2042 et
253 1986 323 2054 quid
341 1983 394 2053 his,
414 1985 463 2054 qui
480 1983 608 2054 improbe
627 1983 684 2056 [id]
704 1984 812 2054 dieunt,
830 1985 1051 2056 respondeatur,

91 2122 107 2175 ι
183 2110 343 2177 Nonnulli
363 2110 608 2197 grammatici
627 2111 745 2177 aetatis
764 2111 952 2198 superioris,
968 2112 1131 2199 inquibus

117 2207 167 2267 est
200 2198 395 2265 Cornutus
427 2199 622 2286 Annaeus,
653 2200 735 2265 haut
767 2223 844 2266 sane
875 2200 1005 2268 indocti
1036 2222 1131 2287 neque

116 2288 293 2376 ignobiles,
322 2288 378 2373 qui
403 2289 682 2354 commentaria
704 2290 743 2354 in
765 2288 988 2377 Vergilium
1012 2302 1157 2377 compo!

117 2382 262 2463 suerunt,
274 2377 515 2463 reprehendunt
529 2377 622 2462 quasi
636 2378 799 2444 incuriose
813 2383 846 2444 et
861 2377 989 2445 abiecte
1005 2380 1130 2447 verbnm

116 2467 262 2553 positum
285 2466 321 2530 in
343 2466 394 2531 his
418 2467 579 2532 versibus:

162 2572 334 2640 Candida
349 2574 588 2639 succinctam
601 2572 1026 2661 latrantibusinguina
1039 2594 1129 2641 mon·

759 2661 854 2728 stris

162 2750 368 2816 Dulichias
392 2772 553 2816 vexasse
576 2753 681 2815 rates
706 2755 743 2816 et
767 2750 924 2838 gurgite
948 2751 990 2815 in
1014 2752 1093 2818 alto
1136 2758 1152 2803 Ι

162 2839 216 2923 Al,
230 2839 390 2905 timidos
409 2845 549 2906 nautas
568 2839 730 2905 canibus
748 2840 944 2905 lacerasse
963 2839 1129 2921 marinis;

92 2965 278 3014 avexasse
306 2946 393 3011 enim
415 2951 534 3031 putant
557 2946 693 3011 verbum
715 2966 786 3010 esse
812 2945 883 3010 leve
907 2951 941 3010 et
968 2948 1080 3014 tenuis
1098 2964 1129 3011 eo

118 3034 212 3120 parvi
229 3034 437 3119 incommodi,
456 3057 516 3100 nec
535 3039 646 3100 tantae
665 3033 833 3099 atrocitati
852 3054 1045 3124 congruere,
1066 3054 1130 3103 cun

118 3123 267 3224 homines
295 3126 429 3207 repente
455 3145 475 3187 a
503 3123 600 3188 belua
629 3122 866 3188 immanissima
892 3124 982 3208 rapti
1012 3122 1131 3193 laniati·

93 3215 281 3368 oquelldlll
295 3299 384 3365 aliud
405 3298 629 3366 huiuscemodi
651 3300 905 3387 reprehendunt:
1139 3236 1155 3285 1

380 3404 473 3481 Quis
497 3411 563 3470 aut
585 3406 806 3492 Eurysthea
829 3408 960 3473 durum

165 3495 243 3560 Aut
265 3495 459 3561 inlaudati
481 3496 608 3562 nescit
631 3495 825 3563 Busiridis
849 3496 960 3561 aras?
