2392 3886
128 138 192 200 110
565 135 598 190 IL
616 153 689 191 mv.

100 319 116 368 ι
195 296 258 362 Sed
279 302 356 383 post
385 298 419 362 id
448 303 581 363 senatus
611 296 798 363 consultum
819 297 881 362 lex
904 296 1054 364 Fannia
1073 297 1133 363 lata

126 391 186 470 est,
209 408 291 469 quae
313 386 399 451 ludis
422 385 597 471 Romanis,
618 387 699 452 item
721 386 807 451 ludis
828 385 955 471 plebeis
975 391 1009 452 et
1032 384 1134 453 Satur

125 474 254 539 nulibus
285 480 318 540 et
348 475 421 540 aliis
452 475 647 558 quibusdam
679 475 793 541 diebus
823 475 860 539 in
910 475 917 488 '
1004 495 1042 541 os
1073 476 1133 541 dies

126 569 280 628 centenos
303 564 387 628 aeris
409 563 531 628 insumi
554 563 715 629 concessit
737 563 911 647 decemque
970 564 990 579 ''
1029 564 1133 629 diebus

125 652 161 715 in
191 652 329 739 singulis
359 652 526 719 mensibus
555 652 708 737 tricenos,
739 652 856 717 ceteris
886 656 998 717 autem
1028 652 1160 719 debu»

99 741 279 809 comnibus
302 741 411 806 denos.
456 740 550 806 Hanc
572 739 751 806 Lucilius
773 745 872 825 poeta
894 741 1003 827 legem
1022 740 1134 829 signifi·

128 835 190 915 cat,
212 852 287 895 cum
309 830 401 894 dicit:

358 952 480 1018 Fanni
504 953 698 1018 centussis
722 951 907 1018 misellus.

101 1093 168 1162 tIn
188 1106 265 1178 'quo
298 1099 487 1159 erraverrmt
523 1094 676 1178 quidam
708 1095 1077 1162 commentariorum
1100 1096 1132 1161 in

126 1182 322 1248 Lucilium
355 1183 589 1285 scriptores,
628 1182 715 1267 quod
746 1188 962 1270 putaverunt,
993 1184 1158 1251 Fannial

127 1271 212 1358 lege
234 1272 441 1357 perpetuos
431 1294 468 1337 m
490 1293 585 1337 omne
608 1272 734 1339 dierum
757 1292 859 1359 genus
883 1278 1042 1353 centenos
1059 1272 1131 1339 cerie

103 1365 281 1429 cstatutos.
313 1357 452 1425 Centum
470 1360 558 1427 enim
576 1361 660 1427 aeris
678 1359 824 1427 Fannius
843 1348 1029 1464 coustituit,
1047 1359 1131 1429 sicuti

128 1471 226 1551 supra
248 1449 325 1551 diri,
346 1449 440 1515 festis
464 1449 659 1533 quibusdam
682 1449 795 1515 diebus
819 1469 941 1535 eosque
962 1450 1056 1537 ipsos
1073 1450 1130 1517 dics

127 1538 317 1624 nominarit,
339 1538 478 1604 aliorum
501 1544 611 1604 autem
634 1538 760 1604 dierum
778 1538 924 1603 omnium
941 1538 979 1603 in
994 1537 1176 1649 singulos,-

128 1627 196 1692 dies
220 1633 387 1713 sumptum
408 1627 542 1692 inclusit
564 1627 758 1692 intraueris
781 1626 863 1692 alius
885 1628 1043 1716 tricenos,
1061 1591 1176 1693 aliast

127 1717 236 1782 denos

102 1825 117 1874 ι
193 1805 270 1871 Lex
293 1806 407 1871 deinde
429 1803 584 1869 Licinia
605 1808 723 1890 rogata
745 1808 811 1888 est,
833 1825 916 1888 quae
939 1826 1017 1871 cum
1045 1803 1131 1871 certis

127 1895 251 1981 diebus,
274 1895 371 1961 sicuti
394 1892 557 1977 Fannia,
586 1898 739 1958 centenos
763 1892 847 1957 aeris
869 1893 1005 1978 inpendi
1027 1890 1131 1995 perui

128 1984 225 2048 sisset
225 1983 364 2084 ,nuptis
383 1982 523 2046 ducenos
541 1944 678 2046 indulsit
697 1981 876 2065 ceterisque
895 1982 1011 2048 diebus
1026 1980 1131 2049 statuit

128 2071 211 2136 aeris
230 2071 386 2155 tricenos3
404 2092 478 2134 cum
496 2075 530 2135 et
548 2070 655 2137 carnis
673 2075 784 2135 autem
802 2075 835 2135 et
850 2071 1042 2137 salsamenti
1054 2074 1157 2137 certa*

126 2159 327 2245 ponderain
292 2158 497 2244 msingulos
525 2159 594 2223 dies
617 2158 852 2245 constituisset,
874 2159 1035 2243 quidquid
1056 2160 1133 2225 essct

127 2255 238 2312 tamen
261 2269 278 2311 e
301 2252 399 2333 terra,
420 2247 496 2332 rite,
520 2247 645 2334 arbore,
667 2247 829 2332 promisee
852 2253 951 2332 atque
972 2248 1132 2314 indefinite

101 2336 248 2422 elargita
271 2340 329 2400 est.
375 2335 482 2401 Huius
508 2335 593 2422 legis
614 2335 782 2402 Laevius
808 2340 907 2421 poeta
934 2338 1085 2405 meminit
1102 2336 1154 2401 in·

100 2425 441 2510 ellrotopeegniis.
487 2423 597 2489 Verba
624 2424 761 2489 Laevii
790 2423 871 2491 haec
899 2431 993 2512 sunt,
1024 2426 1133 2511 quibu

128 2514 291 2601 significat
313 2513 462 2667 haedum,
484 2535 540 2596 qur
531 2513 600 2579 ad
617 2513 730 2597 epulas
747 2512 856 2579 fuerat
873 2477 1014 2601 udlatui,
1035 2512 1158 2583 dimit-¹

128 2626 201 2668 sum
225 2624 401 2686 cenamque
423 2602 485 2687 it,a
512 2607 550 2667 ut
577 2602 639 2667 lex
661 2601 816 2671 Licinia
839 2602 1014 2689 sanxisset,
1034 2602 1134 2689 pomis

59 2766 64 2775 1
127 2691 335 2775 oleribusque
356 2692 564 2757 instructam:

216 2815 296 2880 Iiex
317 2814 487 2900 Licinio,
509 2815 627 2900 inquit,
648 2814 936 2901 introducitur,

216 2903 298 2969 Lux
320 2904 471 2988 liquida
493 2903 615 2969 haedo
634 2903 819 2967 redditur.

84 3046 303 3116 10Lucilius
332 3067 460 3130 quoque
488 3045 571 3133 legis
593 3045 690 3111 istius
713 3044 863 3111 meminit
884 3044 921 3109 in
942 3044 998 3113 his
1019 3046 1161 3113 verbim*

215 3170 357 3257 Legem
379 3170 546 3239 vitemus
576 3168 712 3234 Licini.

85 3336 116 3383 11
193 3311 314 3378 Postea
335 3310 371 3376 L.
397 3309 505 3377 Sulla
527 3311 681 3396 dictator,
700 3326 792 3397 cum,
817 3311 947 3398 legibus
974 3311 1052 3379 istis
1075 3312 1136 3379 situ

124 3408 224 3487 etque
244 3401 334 3466 senio
354 3399 561 3485 oblitteratis,
582 3400 728 3485 plerique
745 3401 781 3464 in
797 3400 1007 3486 patrimoniis
1025 3400 1137 3489 amplis

110 3491 320 3559 elluarentur
335 3496 368 3560 et
386 3489 553 3559 familiam
568 3489 807 3577 pecuniamque
822 3511 918 3553 suam
929 3490 1137 3572 prandiorum
1173 3574 1176 3587 Ι

75 3736 153 3838 f
