2392 3886
347 155 560 214 PRAEFATIO.
596 155 775 215 cAPIl'vha
794 157 860 214 LIB.
879 159 899 214 1.
1115 156 1139 224 δ

184 317 363 384 Volumina
390 319 698 386 commentariorum
725 319 880 386 adhunc
907 320 994 386 diem
1020 319 1140 408 viginti
1150 339 1185 392 aa

113 408 186 472 iam
207 407 297 474 facta
319 411 404 473 sunt.
451 407 616 484 Quantum
639 413 749 475 autem
772 408 859 474 vitae
881 408 962 474 mihi
986 409 1184 496 deincepsss

115 497 216 562 deum
234 496 404 562 voluntate
427 496 491 562 erit
509 503 731 582 quantumque
750 501 803 562 at
788 498 909 562 tuenda
930 519 966 563 re
984 497 1140 564 familiari

114 585 388 672 procurandoque
406 585 497 651 cultu
515 586 693 652 liberorum
712 607 859 652 meorum
877 585 1009 652 dabitur
1027 587 1141 674 otium,

84 697 158 740 sea
176 674 288 739 omnia
310 673 475 740 subsiciva
497 680 531 741 et
549 675 802 742 subsecundaria
824 679 975 762 tempora
992 674 1034 741 ad
1051 675 1140 742 colli·

116 762 242 850 gendas
260 762 485 829 huiuscemodi
508 764 739 830 memoriarum
758 763 1046 831 delectatiunculas
1065 785 1140 831 con·

114 851 231 917 feram.
272 850 504 938 Progredietur
521 874 601 956 ergo
618 875 773 919 numerus
792 853 951 920 librorum
970 853 1033 919 diis
1056 854 1183 920 benene

113 939 306 1007 iuvantibus
339 962 414 1007 curn
438 940 543 1027 ipsius
570 942 658 1008 vitae
686 942 835 1027 quantuli
863 943 983 1027 quique
1015 942 1138 1008 fuerint

112 1029 361 1117 progressibus,
382 1051 487 1115 neque
509 1031 661 1118 longiora
682 1031 764 1096 mihi
786 1031 857 1097 dari
881 1032 988 1117 spatia
1010 1031 1139 1097 vivendi

68 1143 99 1184 io
113 1119 195 1184 volo
219 1140 318 1202 quam
341 1118 418 1184 dum
440 1141 497 1185 ero
521 1121 562 1186 ad
583 1119 669 1186 hanc
691 1141 820 1205 quoque
848 1120 1039 1187 facultatem
1063 1120 1139 1186 scri·

112 1207 216 1273 bendi
240 1208 543 1293 commentandique
565 1208 710 1275 idoneus

186 1293 303 1381 Capita
320 1318 439 1382 rerum,
456 1319 540 1382 quae
558 1298 675 1402 cuique
693 1298 927 1364 commentario
946 1297 1069 1384 insunt,
1087 1318 1138 1362 ex·
1126 1311 1182 1362 -so

113 1385 287 1471 posuimus
310 1384 365 1451 hie
382 1386 588 1472 universa‚u
565 1388 692 1452 utiam
715 1387 828 1454 statim
847 1388 1037 1473 declaretur,
1061 1386 1139 1470 quid

116 1496 185 1562 quo
206 1474 243 1539 in
264 1473 350 1539 libro
374 1475 486 1559 quaeri
508 1475 711 1559 invenirique
733 1476 847 1562 possit.

523 1689 736 1698 ————-—-·

364 1860 585 1928 ominum
608 1861 731 1952 amru
752 1861 890 1928 eamr.

186 2010 210 2070 I.
244 2009 334 2081 Quali
356 2009 550 2087 proportione
573 2010 743 2089 quibusque
766 2009 995 2072 collectionibus
1017 2010 1138 2072 Plutar-

117 2100 194 2159 chus
222 2099 438 2159 ratiocinatum
464 2117 529 2159 esse
554 2099 761 2178 Pythagoram
787 2099 1003 2177 philosophum
1029 2099 1140 2160 dixerit

117 2188 154 2249 de
174 2186 454 2263 comprehendenda
472 2188 605 2264 corporis
620 2189 811 2268 proceritate,
831 2209 891 2267 qna
909 2189 970 2249 fuit
983 2188 1138 2268 Hercules,

117 2296 188 2337 cum
211 2276 309 2337 vitam
330 2275 410 2336 inter
431 2276 567 2337 homines
589 2277 713 2339 viveret.

113 2413 116 2419 .
185 2365 226 2424 II.
258 2364 307 2424 Ab
328 2364 448 2425 Herode
470 2365 575 2426 Attico
598 2365 629 2426 O.
645 2365 681 2426 V.
695 2366 874 2443 tempestive
902 2365 1080 2443 deprompta
1106 2366 1137 2425 in

117 2453 271 2532 quendam
287 2453 452 2514 iactantem
470 2457 502 2513 et
519 2455 686 2533 gloriosum
702 2455 934 2533 adulescentem,
953 2455 1051 2532 speeie
1069 2457 1137 2515 tau-

116 2547 185 2602 tum
203 2541 413 2620 philosophiae
432 2545 619 2621 sectatorem
636 2542 731 2604 verba
748 2543 882 2620 Epicteti
901 2543 1003 2621 Stoici,
1026 2542 1137 2620 quibus

117 2631 271 2693 festiviter
293 2649 312 2690 a
333 2650 405 2692 vero
429 2630 531 2692 Stoico
555 2632 685 2691 seiunxit
707 2632 820 2710 vulgus
846 2631 1021 2709 loquacium
1043 2631 1136 2692 nebu-

117 2721 233 2796 lonum,
256 2718 309 2796 qui
332 2737 364 2780 se
387 2719 504 2780 Stoicos
528 2724 745 2797 nuncuparent.

183 2808 240 2868 111.
274 2807 361 2879 Quod
380 2807 466 2869 Ohilo
489 2808 744 2870 Lacedaemonius
767 2809 928 2870 consilium
949 2827 1059 2885 anceps
1081 2828 1136 2885 pro

118 2898 217 2958 salute
244 2896 335 2958 amici
361 2897 454 2975 cepit3
486 2897 627 2976 quodque
659 2901 707 2959 est
737 2898 953 2974 circumspecto
986 2901 1018 2957 et
1049 2899 1136 2958 anxie

118 2984 381 3065 considerandum,
409 3005 449 3046 an
476 3005 532 3063 pro
558 2986 745 3047 utilitatibus
772 2987 938 3047 amicorum
961 2985 1135 3063 delinquen-

118 3077 190 3136 dum
218 3074 382 3153 aliquando
409 3075 463 3153 sit3
495 3078 660 3153 notataque
688 3076 763 3136 inibi
795 3079 827 3135 et
857 3075 968 3153 relata,
1000 3094 1077 3152 quae
1105 3078 1136 3134 et

118 3164 347 3241 Theophrastus
369 3167 401 3224 et
421 3162 462 3224 M.
481 3162 585 3225 Cicero
608 3183 699 3241 super
720 3184 756 3225 ea
778 3183 810 3225 re
834 3165 1028 3240 scripserunt

182 3253 235 3313 IV.
273 3252 371 3324 Quam
395 3253 530 3313 tenuiter
556 3252 732 3331 curioseque
759 3252 961 3330 exploraverit
983 3252 1135 3312 Antonius

118 3340 256 3403 Iulianus
269 3342 303 3401 in
319 3343 453 3402 oratione
469 3341 507 3401 M.
519 3342 614 3401 Tullii
632 3340 718 3403 verbi
736 3342 774 3402 ab
788 3361 823 3402 eo
842 3341 954 3400 mutati
972 3341 1133 3419 argutiam.

183 3431 221 3490 V.
259 3429 346 3501 Quod
373 3431 592 3491 Demosthenes
623 3430 728 3491 rhetor
758 3431 844 3490 cultu
876 3430 1010 3504 corporis
1042 3433 1134 3506 atque

119 3520 232 3580 vestitu
254 3519 373 3595 probris
396 3519 524 3580 obnoxio
545 3520 711 3597 infamique
729 3519 879 3578 munditia
897 3517 969 3595 fuit3
993 3518 1133 3595 quodque
