2392 3886
87 142 130 210 26
415 139 595 198 cremum
611 140 678 196 nm.
698 139 771 197 xm.

153 310 205 370 IV.
251 309 410 385 Descripta
438 309 603 370 Alexandri
637 307 691 387 [ad
728 312 856 370 matrem
889 306 1103 386 Olympiadem

87 399 231 477 epistula,
255 401 286 459 et
308 398 382 476 quid
403 395 560 476 Olympias
582 399 690 460 festive
714 398 742 459 ei
764 395 976 475 rescripserit}

153 488 189 548 V.
217 488 262 548 De
279 487 443 547 Aristotele
467 490 498 547 et
521 487 728 563 Theophrasto
752 490 783 548 et
804 486 981 548 Menedemo
1003 487 1101 564 philo-

88 577 203 653 sophis;
226 576 322 654 deque
345 575 479 654 eleganti
500 576 681 637 uerecundia
701 575 876 636 Aristotelis
900 593 1102 638 successorem

87 665 235 726 diatribae
260 684 331 725 suae
355 665 503 744 eligentis.

153 754 205 817 VI.
235 753 314 825 Quid
334 757 451 815 ueteres
469 752 572 815 Latini
590 753 728 831 dixerint,
752 771 827 831 quas
846 751 954 814 Graeci
973 747 1099 838 ‘euperpa

87 837 163 914 otcg'
178 843 346 920 appellant3
364 842 438 902 item
457 843 538 921 quod
550 842 732 903 uocabulum
745 841 924 903 barbarismi
939 861 1001 904 non
1014 860 1099 904 usur·

86 931 226 1007 paverint
247 949 344 1008 neque
366 931 495 992 Romani
516 931 702 1009 antiquiores
725 949 823 1009 neque
845 929 951 991 Attici.

153 1019 219 1079 VH.
258 1018 420 1079 Diversum
450 1021 487 1079 de
514 1023 625 1080 natura
650 1021 773 1079 leonum
799 1019 909 1080 dixisse
935 1019 1101 1080 Homerum

86 1106 118 1168 in
141 1106 377 1191 carminibuaqet
399 1107 587 1170 Herodotum
608 1108 641 1167 in
662 1108 804 1170 historiis.

154 1195 221 1255 VH.
252 1195 339 1266 Quod
356 1195 501 1257 Afranius
519 1200 609 1274 poeta
626 1197 791 1274 prudenter
808 1199 839 1257 et
857 1195 957 1272 lepide
978 1196 1099 1275 Sapien-

87 1283 163 1345 tiam
184 1284 279 1345 filiam
301 1303 365 1345 esse
388 1285 468 1347 Vsus
491 1288 522 1345 et
543 1286 704 1346 Memoriae
727 1285 812 1346 dixit.

153 1373 204 1432 IX.
244 1372 323 1444 Quid
346 1372 465 1434 Tullius
489 1374 558 1435 Tiro
581 1375 614 1433 in
640 1374 862 1435 commentariis
888 1373 1045 1450 scripserit
1065 1372 1099 1434 de

87 1461 200 1522 suculis
223 1465 254 1522 et
276 1461 435 1541 hyadibus,
458 1482 535 1541 quae
559 1465 630 1524 sunt
652 1464 810 1523 stellarum
831 1463 989 1523 uocabula

153 1550 188 1609 X.
222 1550 301 1622 Quid
325 1545 457 1612 ‘sororis'
479 1549 587 1629 ἔτυμον
610 1569 674 1612 esse
697 1552 807 1612 dixerit
828 1551 929 1612 Labeo
948 1551 1099 1614 Antistius

86 1641 117 1700 et
140 1638 213 1717 quid
236 1634 363 1701 ‘fratris’
386 1640 418 1700 P.
437 1639 586 1719 Nigidius.

152 1728 203 1788 XI.
237 1728 334 1800 Quem
354 1729 394 1790 M.
409 1729 506 1790 Varro
529 1732 635 1805 aptum
656 1729 831 1806 iustumque
854 1746 919 1789 esse
941 1749 1101 1790 numerum

85 1818 281 1878 convivarum
294 1819 486 1894 existimarim
501 1836 536 1877 ao
550 1818 586 1877 de
600 1817 712 1878 mensis
721 1817 860 1878 secundis
873 1820 905 1877 et
918 1817 956 1877 de
969 1817 1099 1879 bellaris.

152 1907 217 1966 XII.
251 1907 399 1969 Tribunos
421 1907 518 1983 plebis
545 1906 735 1983 prensionem
760 1906 884 1985 habere,
911 1908 1101 1968 uocationem

85 2011 146 2053 non
167 1994 286 2055 habere.

83 2107 86 2113 ·
152 2082 234 2142 XIII.
262 2081 350 2161 Quod
366 2082 399 2141 in
417 2082 503 2142 libris
520 2084 722 2144 humanarum
739 2083 778 2143 M.
788 2082 933 2145 Varronis
955 2084 1101 2161 scriptum

86 2173 141 2248 est,
165 2170 277 2231 aediles
300 2174 331 2230 et
354 2173 528 2249 quaestores
545 2172 652 2248 populi
670 2171 798 2232 Romani
819 2172 852 2231 in
873 2172 922 2233 ius
945 2191 965 2232 a
982 2173 1100 2250 priuato

87 2260 125 2319 ad
147 2261 319 2335 praetorem
341 2260 442 2321 vocari
464 2279 559 2337 posue.

152 2347 231 2407 XIV.
264 2348 344 2419 Quid
367 2348 406 2409 sit
428 2350 604 2425 pomerium.

152 2436 216 2496 XV.
248 2436 350 2497 Verba
378 2457 414 2496 ex
435 2437 513 2515 libro
535 2438 682 2498 Messalae
705 2438 843 2516 auguris,
872 2438 983 2516 quibus
1007 2439 1098 2516 docet,
1130 2436 1132 2441 ’

86 2525 139 2602 qui
167 2525 228 2586 sint
254 2525 384 2586 minores
412 2526 609 2604 magistratus
637 2530 669 2586 et
695 2527 849 2587 consulem
871 2530 1098 2606 praetoremque
1128 2568 1131 2573 -

86 2614 226 2691 conlegas
249 2632 326 2692 esse;
350 2618 381 2674 et
403 2615 552 2692 quaedam
574 2615 635 2674 alia
658 2615 694 2674 de
718 2615 868 2691 auspiciis.

152 2702 231 2762 XVI.
264 2696 327 2784 (vg.
356 2703 412 2762 XV
439 2701 526 2779 extr.)
562 2703 640 2763 Item
670 2703 763 2764 uerba
794 2704 929 2765 eiusdem
954 2704 1095 2766 Messalas

85 2790 269 2870 disserentis,
287 2791 371 2852 alind
389 2811 454 2853 esse
473 2793 512 2852 ad
529 2793 677 2869 populum
694 2793 787 2870 loqui,
806 2791 890 2853 aliud
903 2811 973 2853 cum
988 2792 1094 2870 populo

85 2898 187 2958 agere,
216 2883 247 2940 et
274 2881 328 2958 qui
350 2881 548 2959 magistratus
575 2881 726 2959 aquibus
753 2884 880 2942 avocent
903 2883 1092 2942 comitiatum

152 2969 246 3029 XVII.
280 2962 387 3051 (XVI.)
422 2970 653 3030 Humanitatem
678 2989 739 3030 non
761 2970 930 3048 significare
952 2971 997 3049 id,
1021 2964 1092 3050 qnod

84 3057 197 3135 vulgus
220 3061 322 3135 putat,
350 3059 403 3119 sed
430 3078 465 3120 eo
487 3058 635 3120 vocabulo
658 3059 711 3136 qui
734 3059 890 3120 sinceriter
911 3060 1008 3120 locuti
1030 3056 1092 3119 eunt

85 3148 182 3224 magle
205 3147 325 3223 proprie
348 3164 413 3207 esse
436 3165 516 3208 usos.

152 3235 261 3296 XVHI.
285 3228 407 3315 (XVII.)
431 3235 510 3307 Quid
524 3239 598 3311 aput
615 3234 654 3294 M.
665 3233 810 3296 Catonem
824 3236 994 3314 significent
1009 3234 1092 3298 verba

85 3322 159 3385 haec
183 3318 298 3383 ‘inter
321 3342 358 3383 os
381 3328 490 3401 atque
514 3318 650 3386 offam'.

152 3412 230 3472 XIX.
268 3405 405 3491 (XVHI.)
446 3410 618 3489 [Platonem
639 3412 772 3473 tribuere
795 3412 936 3490 Euripidi
959 3407 1093 3495 Sophocli

85 3520 219 3579 versum3
243 3505 274 3560 et
297 3500 407 3560 similia
431 3502 579 3578 quaedam
601 3497 685 3576 alia]
