2392 3886
501 128 548 184 IIL
567 148 626 185 xvrr
651 148 727 185 xsun.
1057 128 1123 196 145

98 293 335 360 contumeliose
359 291 511 377 appellat,
534 291 622 394 quod
639 293 777 377 inpenso
795 292 901 377 pretio
920 292 1042 358 librum
1060 291 1122 378 Py-

97 381 291 468 thagoricae
320 380 511 466 disciplinae
542 380 676 447 emisset
705 402 808 467 exque
839 402 878 446 eo
910 380 1120 467 Timaeum,

96 470 246 536 nobilem
266 470 361 535 illum
383 469 560 624 dialogm,
584 470 819 536 concinnasset
865 468 990 536 Versus
1022 489 1148 578 supere

97 581 139 624 11
160 581 197 624 re
224 561 401 643 Τίμωνος
422 559 458 623 111
482 563 574 624 sunt:

69 755 84 797 s
144 735 238 803 Kal
244 737 307 822 σύ,
336 737 517 819 Πλάτων,
545 734 611 802 uui
637 736 711 821 γάρ
740 752 782 802 σε
810 737 1031 821 μαθητείης
1052 737 1120 800 πό-

145 918 312 980 Πολλῶν
335 910 367 979 δ’
393 912 596 999 ἀργυρίων
614 828 1120 999 ὀλίγηῖἵῇἶλῗέέξιὶνρίβλον,

136 1002 280 1069 Ἔνθεν
323 1002 597 1088 ἀπαρχόμενος
640 1005 996 1178 [τιμοιὸιὲκ]ζριζφεϊν
1040 1001 1120 1069 tris.

58 1368 86 1407 ro
550 1337 673 1404 XVIII.

100 1460 175 1528 Quid
193 1459 252 1516 sint
271 1459 385 1530 pedari
399 1460 556 1515 senatores'
578 1462 607 1516 et
621 1476 707 1528 quam
725 1460 762 1514 ob
776 1475 893 1515 causam
910 1459 954 1516 ita
971 1457 1112 1542 appellati

135 1547 277 1601 quamque
294 1531 421 1586 habeant
444 1530 583 1601 originem
606 1531 693 1587 verba
711 1531 783 1587 11111
805 1546 840 1585 ex
858 1530 952 1586 edicto
975 1529 1120 1586 tralaticio

135 1603 295 1728 Quium:
316 1603 473 1658 senatores
491 1601 677 1671 quibusque
668 1618 699 1654 m
718 1603 818 1656 senatu
837 1601 1008 1656 sententiam
1025 1601 1119 1656 dicere

59 1818 86 1859 15
167 1799 245 1866 Non
261 1800 358 1886 pauci
377 1805 463 1885 sunt,
482 1799 537 1885 qui
557 1799 742 1885 opinantur,
757 1798 918 1885 ‘pedarios
938 1797 1145 1865 senatores'l

100 1890 297 1975 appellatos,
320 1889 375 1975 qui
399 1889 595 1954 sententiam
618 1887 654 1952 in
677 1892 792 1953 senatu
814 1908 882 1952 non
904 1887 1012 1953 verbis
1036 1887 1118 1952 dice

99 1983 183 2063 rent,
207 1978 263 2042 sed
284 1978 320 2041 in
343 1977 482 2042 alienam
510 1977 706 2042 sententiam
733 1977 870 2063 pedibus
893 1977 987 2042 irent.
1034 1975 1144 2053 Quids

99 2066 226 2153 igitur?
249 2088 322 2131 cum
341 2066 662 2132 senatusconsultum
680 2087 739 2150 per
757 2066 988 2131 discessionem
1008 2066 1118 2150 fiebat,

99 2176 209 2220 nonne
227 2154 370 2220 universi
389 2159 556 2221 senatores
575 2154 772 2221 sententiam
789 2155 927 2240 pedibus
945 2154 1118 2220 ferebant?

59 2262 86 2302 2⁰
100 2244 210 2330 Atque
232 2242 312 2309 haec
335 2244 435 2310 etiam
458 2243 609 2310 vocabuli
633 2243 731 2308 istius
754 2243 839 2308 ratio
863 2244 996 2329 dicitur,
1019 2260 1145 2329 quomo

101 2333 249 2399 Gavius
281 2332 429 2398 Bassus
461 2333 502 2397 in
536 2333 827 2399 commentariis
861 2333 928 2397 suis
962 2332 1118 2434 scriptam

100 2421 241 2507 reliquit,
288 2419 462 2486 Senatores
486 2422 573 2486 enim
596 2420 706 2486 dioit'
697 2443 733 2485 m
750 2425 897 2486 veterum
920 2425 1037 2504 aetate,
1060 2421 1145 2506 quis

100 2511 246 2575 curulem
268 2510 499 2596 magistratum
519 2509 706 2596 gessissent,
729 2531 826 2574 curru
846 2508 962 2574 solitos
982 2509 1117 2574 honoris

101 2597 240 2684 gratia
230 2619 266 2661 1n
288 2598 412 2663 curiam
430 2598 546 2682 vehi,
536 2619 572 2662 1n
595 2618 659 2682 quo
684 2619 781 2663 curru
804 2597 885 2663 sella
907 2603 993 2663 esset
993 2619 1119 2683 ,super

59 2705 86 2744 11
101 2709 199 2772 quam
222 2687 440 2772 considerent,
468 2708 550 2772 quae
577 2687 620 2751 ob
644 2708 716 2788 eam
739 2708 871 2752 causam
895 2650 1040 2752 curuiis'
1064 2710 1118 2772 111

99 2776 289 2861 pelleretur3
308 2776 364 2840 sed
383 2797 438 2840 eos
458 2780 635 2860 senatores,
653 2774 709 2860 qui
728 2775 958 2862 magistratum
972 2776 1118 2840 curulem

99 2865 244 2929 nondum
258 2869 420 2949 ceperant,
433 2865 570 2949 pedibus
583 2863 717 2928 itavisse
735 2863 772 2927 in
785 2864 924 2928 curium:
943 2869 1118 2949 propterea

101 2956 267 3018 senatores
289 2953 435 3018 nondum
458 2952 637 3018 maioribus
660 2952 841 3017 honoribus
865 2951 1039 3038 pedarios'
1060 2975 1117 3018 no

101 3043 252 3106 minatos.
306 3041 490 3107 Mentem
518 3041 682 3106 Varro
673 3063 717 3105 111
746 3041 870 3106 satira
897 3040 1142 3130 Menippea,5

59 3149 183 3215 coquas
205 3129 428 3197 Insecutus
449 3130 631 3214 inscripta
632 3134 691 3215 est,
713 3130 839 3216 equites
859 3132 1017 3216 quosdam
1037 3131 1117 3197 dicit

101 3218 274 3303 pederios'
302 3219 497 3305 appellatos,
524 3219 612 3285 videt
597 3223 714 3303 turque
745 3240 801 3284 eos
832 3219 1030 3306 significare,
1059 3220 1116 3322 qui

99 3307 245 3373 nondum
268 3330 288 3373 a
310 3307 531 3373 censoribus
522 3330 558 3372 m
581 3311 730 3373 senatum
758 3307 835 3374 lecti
858 3312 1025 3372 senatores
1049 3309 1116 3394 qui-
1165 3376 1171 3385 ,

101 3397 175 3460 dem
196 3418 264 3460 non
286 3401 389 3482 erant,
411 3398 477 3482 sed,
500 3395 577 3482 quia
598 3396 779 3462 honoribus
801 3396 915 3482 populi
938 3397 990 3461 usi
1014 3403 1115 3482 erant,

100 3484 137 3548 in
154 3490 303 3550 senatum
321 3486 494 3552 veniebant
512 3490 545 3551 et
564 3485 744 3552 sententiae
761 3487 814 3551 ius
832 3486 1005 3550 habebant.
1028 3484 1141 3552 Nemo

154 3596 269 3642 Guuurrs.
920 3594 954 3643 10
