2392 3886
427 148 608 208 camum
624 148 697 210 um.
712 150 749 208 11.
1088 155 1109 222 9

86 318 224 396 speciem
250 317 365 379 hahens
386 318 551 396 primorem
577 319 699 398 iniquae
725 318 917 399 iniustaeque
939 320 1030 401 legis,
1057 322 1110 384 sed

87 408 130 468 ad
153 425 245 468 usum
266 411 299 468 et
321 406 561 469 emolumentum
581 408 770 469 salubritatis
792 409 914 485 penitus
935 416 1065 487 reperta.

158 496 240 556 XIII
277 495 403 557 Liberos
434 497 467 556 in
497 495 705 558 multitudinis
737 516 863 557 numero
895 498 987 558 etiarn
1014 517 1109 560 unum

86 585 190 645 filium
212 585 344 646 filiamve
366 588 485 647 veteres
506 584 625 646 dixisse.

156 673 237 734 XIV.
266 672 353 745 Quod
368 677 406 734 ll.
421 671 497 734 (lato
515 674 547 733 in
564 675 652 754 libro,
675 674 729 752 qui
746 674 911 750 inscriptus
933 679 981 736 est
1004 681 1110 737 eontra

88 762 246 823 Tiberium
260 762 388 840 exulem,
401 756 543 824 ‘atitiaaes
555 755 773 824 vadimonium'
786 781 841 840 per
854 763 865 822 i
878 763 1013 824 litteram
1027 764 1110 844 dicit,

87 870 151 911 non
174 844 350 929 ‘stetisses'5
373 851 498 929 eiusque
520 851 605 913 verbi
627 851 707 912 ratio
729 850 856 911 reddita.

157 939 223 1000 XV.
251 939 338 1011 Quod
355 939 525 1019 antiquitus
538 939 633 1001 aetati
647 942 784 1001 senectae
803 938 994 1016 potissimum
1011 938 1109 1000 habiti

87 1028 153 1090 sint
176 1029 271 1104 ampli
288 1029 430 1106 honores3
452 1032 486 1090 et
502 1047 557 1090 cur
574 1030 681 1106 postea
698 1027 738 1088 ad
755 1029 881 1089 maritos
898 1031 931 1089 et
948 1027 988 1088 ad
1005 1033 1109 1104 patras

87 1117 172 1177 idern
190 1116 243 1177 isti
261 1117 389 1179 honores
406 1115 500 1178 delati
518 1117 592 1197 sint3
615 1120 707 1196 atque
726 1116 769 1177 ibi
787 1116 824 1178 de
842 1117 942 1194 capite
960 1115 1109 1195 quaedam

86 1205 167 1285 legis
190 1205 286 1266 Iuliae
309 1206 446 1283 septimo.

157 1294 237 1354 XVI
273 1293 361 1366 Quod
388 1293 555 1356 Caesellius
582 1293 700 1354 Vindex
729 1313 748 1354 a
775 1291 910 1371 Sulpicio
937 1293 1109 1370 Apollinari

86 1383 290 1461 reprehensus
312 1386 360 1444 eet
381 1383 414 1443 in
436 1401 542 1445 aeneus
563 1382 732 1462 Vergiliani
754 1382 954 1443 enarratione.

157 1471 252 1531 XVII.
288 1471 466 1533 Cuiusmodi
497 1490 562 1533 esse
590 1476 733 1532 naturam
763 1470 954 1549 quarundam
983 1488 1108 1546 praepo·

87 1561 237 1621 sitiouum
266 1561 306 1620 li
334 1559 438 1621 Oicero
474 1559 735 1638 animadverterit;
771 1560 1031 1636 disceptatumue
1066 1556 1109 1618 ibi

88 1668 183 1726 super
206 1668 241 1709 eo
264 1650 339 1729 ipso,
362 1649 444 1728 quod
466 1649 569 1710 Cicero
593 1649 813 1710 observaverat

156 1737 267 1798 XVIII.
295 1737 383 1809 Quod
400 1737 543 1799 Phaedon
561 1737 735 1799 Socraticus
753 1755 858 1798 servus
876 1736 950 1812 iuit3
967 1733 1109 1811 quodque

87 1827 164 1887 item
186 1825 241 1885 alii
264 1827 464 1904 complusculi
486 1828 665 1888 servitutem
687 1826 865 1887 servierunt

155 1915 236 1976 XIX.
259 1909 403 1977 Rescire'
418 1915 545 1977 verbum
558 1916 631 1994 quid
646 1916 699 1994 sit·
722 1918 754 1975 et
772 1931 864 1991 quarn
877 1911 989 1972 habeat
1006 1928 1110 1973 veram

87 2008 183 2081 atque
207 2004 359 2080 propriam
382 2004 640 2083 significationem

155 2092 222 2151 XX.
268 2091 351 2163 Quas
383 2094 475 2173 volgo
506 2087 692 2153 dicuntur
692 2084 831 2170 vivania',
863 2090 895 2151 id
926 2089 1110 2152 vocabulum

86 2184 209 2242 veteres
230 2200 291 2241 non
313 2181 437 2260 dixiss03
460 2187 492 2243 et
514 2181 588 2259 quid
610 2201 668 2259 pro
688 2200 724 2242 eo
745 2181 778 2242 P
796 2179 928 2257 Scipio
918 2199 951 2239 ιιι
974 2179 1110 2239 oratioue

86 2269 128 2330 ad
151 2270 309 2349 populum,
332 2270 405 2347 quid
427 2274 533 2347 postea
551 2270 591 2331 II.
605 2270 735 2331 Varro
726 2290 758 2329 nn
780 2268 866 2329 libris
889 2267 926 2329 de
944 2286 977 2328 re
994 2267 1111 2326 rustica

86 2358 209 2419 dixerit
231 2375 250 2414 a
263 2375 313 2416 e*

156 2446 237 2506 XXI.
266 2446 364 2523 Super
370 2466 407 2508 eo
416 2447 522 2526 sidere,
536 2447 618 2526 quod
627 2446 736 2508 Graeci
744 2439 894 2525 ’ἅμαξανζ
908 2463 963 2505 nos
977 2438 1109 2520 ‘septen-

86 2529 217 2596 triones’
226 2553 385 2614 vocamus3
399 2555 435 2596 ac
449 2536 485 2596 de
498 2538 659 2615 utriusque
667 2535 808 2597 vocabuli
817 2534 934 2595 ratione
943 2536 976 2613 at
985 2533 1109 2610 origine.

157 2623 265 2684 XXIL‘
277 2624 323 2685 De
334 2627 432 2686 'vento
451 2625 561 2703 iapyge
580 2624 677 2702 deque
696 2624 826 2684 aliorum
842 2625 1005 2684 ventorum
1020 2638 1109 2684 voca-

88 2712 172 2774 bulis
196 2713 430 2792 regionibusque
453 2717 578 2790 accepta
601 2733 638 2774 ex
659 2712 801 2775 Favorini
824 2710 1020 2772 sermonibus.
1161 2712 1166 2721 ’

157 2800 271 2860 XXIII.
303 2800 494 2862 Consultatio
527 2802 763 2878 diiudicatioque
794 2802 931 2860 locorum
962 2799 1045 2858 facta
1074 2816 1110 2857 ex

87 2889 248 2951 comoedia
264 2889 422 2950 Menandri
440 2894 472 2950 et
489 2888 622 2968 Caecilii,
640 2908 718 2967 quae
735 2888 873 2949 Plocium
890 2887 1038 2962 inscripta
1055 2888 1109 2946 est.

157 2977 266 3037 XXIV.
299 2979 345 3038 De
366 2980 469 3039 vetere
492 2979 690 3056 parsimonia3
712 2977 809 3055 deque
832 2975 966 3052 antiquis
991 2974 1110 3053 legibus

89 3066 299 3143 sumptuariis.

157 3155 251 3214 XXV.
281 3154 360 3226 Quid
384 3154 491 3216 Graeci
513 3152 692 3235 ἀναλογίαν,
715 3152 788 3232 quid
811 3155 916 3214 contra
938 3148 1110 3229 ἀνωμαλίαν

87 3247 207 3305 vocent

157 3332 267 3393 XXVI.
297 3332 455 3393 Sermones
478 3333 517 3393 M.
540 3333 702 3393 Frontonis
725 3334 757 3391 et
773 3329 917 3391 Favorini
939 3327 1110 3406 philosophi

88 3422 126 3482 de
151 3421 315 3500 generibus
338 3422 474 3483 colorum
496 3421 713 3499 vocabulisque
737 3439 841 3480 eorum
860 3417 983 3478 Graecis
1002 3422 1033 3478 et
1051 3416 1108 3475 La·

88 3511 179 3589 tinis3
202 3513 294 3588 atque
317 3510 393 3571 inihi
416 3512 499 3571 color
522 3509 628 3586 spadix
651 3508 819 3570 cuiusmodi
843 3508 890 3568 sit.
