2392 3886
446 160 628 219 onmem
645 161 712 218 LIB.
730 160 752 218 t
1087 164 1107 230 ‘l

160 329 240 389 XIV.
274 328 354 401 Quid
371 329 481 390 dixerit
504 330 668 407 feceritque
691 329 722 390 C.
741 331 906 411 Fabricius,
929 351 1039 410 magna
1062 334 1110 393 vir

84 417 192 496 gloria
214 418 392 497 magnisque
413 418 505 479 rebus
527 419 635 496 gestis,
662 419 715 479 sed
743 419 877 480 familiae
904 423 1108 499 pecuniaeque

86 506 193 584 inops,
216 525 286 566 cum
308 507 336 566 ei
359 506 508 568 Samnites
530 509 688 584 tamquam
714 507 863 586 indigenti
885 528 976 587 greve
1000 528 1110 571 aurum

85 595 249 655 donarent.

160 683 225 743 XV.
267 683 364 754 Quam
394 685 593 760 inportunum
624 685 734 746 vitium
765 686 948 763 plenumque
976 686 1038 747 edii
1070 688 1110 748 stt

87 765 209 834 futtilis
230 773 388 850 inanisque
413 774 596 851 loquacitas3
628 778 660 833 et
688 792 780 851 quam
805 775 911 835 multis
938 775 971 834 in
993 776 1111 836 locise

87 859 280 936 principibus
302 862 462 940 utriusque
485 863 608 942 linguae
630 863 705 923 viris
725 862 925 925 detestatione
946 864 1027 924 iusta
1046 865 1109 925 cul-

87 951 168 1024 pata
190 951 238 1008 sit.

161 1036 242 1097 XVI
274 1037 362 1109 Quod
386 1039 480 1099 verba
506 1039 602 1100 istaec
625 1038 806 1118 Quadrigari
832 1058 868 1099 ex
894 1041 997 1101 annali
1018 1042 1110 1102 tertio

88 1119 150 1186 ‘ibi
172 1126 256 1186 mille
273 1127 430 1187 hominum
447 1121 617 1203 occiditur'‚
639 1147 700 1189 uon
721 1129 847 1190 licenter
864 1148 961 1207 neque
981 1129 1017 1190 de
1038 1148 1109 1206 poe·

86 1218 197 1274 tarum
224 1215 336 1293 figura,
368 1215 421 1276 sed
449 1216 566 1277 ratione
594 1219 677 1276 certa
705 1220 736 1276 et
767 1217 863 1295 proba
895 1220 1110 1297 grammaticae

87 1303 273 1379 disciplinae
296 1304 377 1363 dicta
399 1308 479 1365 sunt.

161 1391 257 1452 XVII.
281 1391 401 1464 Quanto
415 1411 485 1453 cum
497 1393 591 1453 animi
609 1394 763 1471 aequitate
778 1395 957 1456 toleraverit
970 1395 1110 1456 Socrates

88 1481 197 1540 uxoris
215 1480 371 1559 ingenium
383 1481 589 1559 intractabil03
607 1486 700 1560 atque
717 1481 800 1560 inibi,
819 1483 893 1560 quid
911 1483 951 1544 M.
962 1483 1059 1544 Varro
1077 1485 1110 1543 in

90 1568 228 1646 quadam
250 1573 355 1629 satura
376 1570 414 1631 de
437 1570 537 1631 officie
559 1571 662 1630 mariti
685 1571 845 1647 scripserit.

161 1657 273 1718 XVIII.
306 1657 393 1729 Quod
414 1659 454 1720 M.
468 1659 566 1719 Varro
588 1660 621 1719 in
643 1663 752 1737 quarto
776 1660 892 1720 decime
909 1661 1112 1720 humanarum

91 1747 127 1805 L.
142 1745 266 1806 Aelium
282 1748 463 1826 magistrum
481 1766 570 1808 suum
588 1739 648 1830 (et)
667 1748 700 1807 in
718 1744 892 1832 ἔτυμολογίᾳ
914 1749 993 1808 falsa
1010 1767 1110 1824 repre-

89 1835 215 1912 hendit3
238 1835 379 1913 quodque
401 1837 482 1896 idem
498 1837 596 1897 Varro
618 1838 651 1896 in
673 1835 779 1896 eodem
801 1835 880 1897 libro
903 1837 1014 1896 falsum
1034 1837 1111 1896 furis

91 1921 205 2001 ἔτυμον
228 1923 310 1985 dicit.
361 1950 363 1954 ⁴

161 2012 240 2072 XIX.
274 2013 411 2074 Historia
433 2032 524 2091 super
545 2013 632 2074 libris
653 2013 810 2092 Sibyllinis
833 2032 868 2074 ac
891 2013 928 2074 de
947 2013 1112 2091 Tarquinio

92 2101 234 2178 Superbe
256 2098 336 2180 rege.

160 2190 225 2249 XX.
258 2190 338 2261 Quid
364 2194 536 2268 geometrae
564 2191 666 2251 dicant
697 2187 853 2268 ἐπίπεδον,
886 2191 960 2269 quid
986 2190 1112 2269 στερεόν,

90 2279 168 2357 quid
190 2277 298 2357 κύβον,
322 2278 396 2356 quid
417 2277 570 2359 γραμμήν;
598 2279 768 2358 quibusque
790 2282 851 2340 ista
873 2281 975 2340 omnia
996 2279 1113 2340 Latinis

90 2367 251 2429 vocabulis
273 2368 472 2444 appellentur.

161 2456 242 2516 XXI.
281 2455 368 2526 Quod
394 2457 492 2516 Iulius
520 2456 662 2534 Hyginus
689 2456 922 2518 affirmatissime
950 2456 1113 2535 contendit,

92 2546 205 2624 legisse
233 2563 265 2605 se
287 2545 400 2605 librum
421 2545 454 2606 P.
468 2544 597 2623 Vergilii
619 2546 831 2623 domesticum,
858 2542 940 2622 [ubi]
967 2546 1114 2622 scriptum

86 2637 175 2694 esset
194 2627 237 2692 ‘et
254 2652 309 2694 ors
325 2633 438 2694 Tristia
454 2637 659 2711 temptantum
677 2652 783 2694 seusus
800 2635 956 2712 torquebit
973 2629 1113 2712 amaror’,

92 2742 154 2782 non
178 2721 260 2798 quod
281 2722 394 2800 vulgus
415 2722 531 2800 legeret
553 2716 656 2782 ‘seusu
677 2722 833 2801 torquebit
855 2717 978 2785 ernero'.

89 2840 92 2845 ·
160 2810 257 2870 XXII.
288 2811 338 2870 An
360 2811 413 2888 qui
435 2829 542 2872 causas
565 2811 711 2890 defendit,
737 2814 818 2872 recte
840 2811 1008 2888 Latineque
1031 2812 1113 2872 dieat

92 2893 264 2976 ‘superesse
291 2893 335 2960 sc'
362 2899 401 2978 is,
434 2916 511 2977 quos
545 2899 692 2978 defendit3
724 2903 756 2960 et
783 2894 963 2977 ‘superesse'
991 2902 1112 2979 proprie

93 2987 169 3066 quid
192 2987 240 3048 sit.

160 3075 273 3135 XXIII
304 3075 378 3147 Quis
400 3077 495 3137 fuerit
512 3077 652 3154 Papirius
674 3078 900 3153 Praetextatus3
924 3097 1002 3154 quae
1024 3078 1113 3138 istius

93 3183 188 3225 causa
210 3166 401 3242 cognomenti
424 3167 478 3244 sit3
500 3166 687 3244 historiaque
704 3167 765 3227 ista
783 3167 880 3227 omnis
899 3184 991 3242 super
1009 3167 1113 3227 eodem

94 3253 217 3330 Papirio
241 3253 367 3331 cognitu
388 3254 528 3315 iucunda.

161 3341 270 3401 XXIV.
312 3342 384 3402 Iria
409 3344 630 3421 epigramata
659 3344 755 3403 trium
781 3346 919 3404 veterum
946 3348 1112 3420 poetarum,

96 3429 212 3508 Naevii,
230 3430 343 3509 Plauti,
362 3430 494 3510 Pacuvii,
514 3451 592 3509 quae
610 3432 691 3492 fecta
704 3431 742 3492 eb
756 3432 830 3508 ipsis
844 3433 991 3508 sepulcris
1010 3451 1115 3492 eorum

97 3517 191 3578 incisa
213 3522 293 3578 sunt.
