2356 3900
554 137 587 193 ss·
606 157 671 195 xva.
1077 140 1121 206 97

100 286 226 387 teritur,
250 324 332 387 quae
355 301 479 387 primae
502 306 579 368 sunt
601 301 637 366 in
660 301 839 388 ‘sapiente'
862 308 960 389 etque
984 303 1120 390 ‘felice’,

100 392 139 456 in
161 391 236 456 aliis
260 395 370 457 eutem
393 391 546 456 omnibus
568 395 716 476 correpte
762 393 953 458 ronuntiari.

54 540 61 557 ,
167 477 281 545 Verba
298 477 500 546 Ciceronis
517 479 598 545 haec
617 483 706 544 suntt
730 414 828 556 duic
846 502 935 546 vero
954 482 1025 548 hoc
1044 483 1145 549 ele-e

102 567 276 654 gentius,
305 568 407 653 quod
429 589 505 633 non
527 568 578 633 fit
606 573 760 653 natura,
789 569 855 633 sed
878 570 1041 654 quodam
1062 572 1118 636 in-

25 672 31 683 ·
75 656 271 722 sstituto?
290 656 506 722 ‘indoctus'
520 656 684 722 dicimus
697 657 807 722 brevi
826 657 950 743 prima
968 659 1118 744 littera,

101 744 295 811 ‘insanus'
309 745 514 830 producta,
528 745 791 811 ‘inhumanus'
806 746 925 830 brevi,
944 746 1117 812 ‘infelix'

100 833 220 920 longa
242 838 294 920 et,
323 855 369 898 ne
392 833 542 919 multis,
565 833 705 917 quibus
728 834 767 898 in
789 835 920 900 verbis
943 835 1013 900 hae
1040 837 1118 921 pri-

99 944 182 988 mae
205 922 366 988 litterae
390 926 495 1008 sunt,
518 942 614 1007 quae
632 921 673 987 in
687 921 898 1007 ‘sapiente'
917 928 1032 1008 atque
1047 924 1117 991 ‘fe-

99 1010 208 1094 lice',
239 1011 427 1096 producte
459 1010 657 1096 dicuntur,
691 1011 906 1089 inoeteris
939 1013 1117 1079 omnibus

60 1113 87 1154 1⁰
98 1099 287 1185 breviter3
304 1099 475 1184 itemque
494 1098 743 1185 ‘conposuit',
757 1098 1118 1185 ‘consuevit',‘con-

99 1186 281 1273 crepuit',
303 1186 517 1253 ‘confecit'.
555 1186 723 1253 Consule
746 1187 966 1274 veritatem,
988 1211 1117 1275 repre·

97 1276 256 1362 hendet3
279 1275 383 1342 refer
405 1276 451 1341 ad
473 1275 593 1361 auris,
615 1270 851 1364 probabunt3
874 1299 1029 1363 quaere,
1048 1301 1117 1345 cur

97 1364 156 1432 ita
179 1364 256 1430 sit?
277 1364 408 1431 dicent
425 1365 567 1430 iurare.
590 1363 798 1450 Voluptati
817 1371 945 1432 autem
964 1368 1116 1433 aurium

97 1453 332 1540 morigerari
356 1454 473 1519 debet
496 1453 633 1519 oratio.

55 1556 83 1598 1⁵
167 1541 343 1608 Manifesta
365 1542 501 1627 quidem·
517 1541 603 1608 ratio
630 1541 801 1608 suavitatis
825 1548 875 1609 est
897 1543 933 1608 in
955 1543 1007 1608 hie
1030 1544 1141 1612 voci-e

98 1631 172 1715 bus,
193 1631 234 1695 de
256 1631 375 1715 quibus
399 1629 535 1697 Cicero
558 1631 688 1697 locutus
711 1636 769 1696 est.
790 1628 854 1696 Sed
873 1632 951 1715 quid
969 1632 1113 1698 dicemus

99 1718 139 1783 de
162 1719 403 1805 praepositione
426 1719 520 1805 ‘pro',
542 1741 634 1805 quae,
666 1742 740 1785 cum
768 1720 905 1804 produci
933 1723 966 1784 et
994 1721 1113 1804 corripi

99 1807 215 1891 soleat,
232 1808 493 1874 observationem
512 1809 596 1874 hanc
615 1812 725 1874 tamen
743 1806 786 1872 M.
801 1807 923 1872 Tullii
942 1814 1115 1893 aspernata

98 1896 173 1961 est?
203 1894 282 1962 Non
310 1896 397 1962 enim
427 1918 554 1982 semper
575 1897 779 1982 producitur,
807 1919 882 1963 cum
905 1896 1053 1980 sequitur
1076 1916 1141 1964 eac

54 1983 221 2069 ”littera
243 2006 325 2070 quae
342 1985 449 2071 prima
471 1985 580 2050 estin
600 1985 700 2050 verbo
724 1985 835 2071 ‘fecit’,
858 1988 957 2069 quarn
978 1983 1113 2052 Cicero

97 2073 184 2140 hanc
206 2073 326 2140 habere
348 2074 415 2139 rim
444 2074 621 2161 significat,
648 2079 686 2138 ut
712 2079 846 2160 propter
867 2096 941 2139 eam
962 2096 1032 2139 rem
1055 2075 1112 2140 ‘in'

98 2167 133 2228 et
157 2162 242 2229 ‘con'
265 2163 522 2248 praepositiones
545 2162 774 2248 producentur.
820 2161 907 2228 Nem
925 2162 1139 2248 ‘proficisci’u

98 2256 133 2316 et
161 2250 358 2337 ‘profugere'
385 2256 420 2316 et
446 2250 669 2336 ‘profundere-
696 2256 729 2316 et
753 2251 949 2336 ‘profanum'
973 2257 1006 2317 et
1029 2253 1113 2337 ‘pro-

95 2339 233 2405 festum'
257 2344 404 2425 correpte
431 2340 585 2424 dicimus,
608 2339 775 2424 ‘proferre'
799 2344 909 2405 autem
937 2345 970 2405 et
993 2341 1113 2424 ‘profli-

56 2444 83 2485 25
97 2428 190 2516 gare'
220 2432 254 2493 et
282 2427 462 2513 ‘proficere'
491 2429 656 2514 producte.
681 2425 894 2514 ,Ourigitur
917 2449 955 2493 ee
986 2429 1139 2513 littera,s

97 2539 200 2602 quam
221 2513 357 2583 Oicero
384 2516 607 2602 productionis
637 2539 768 2583 causam
789 2516 895 2582 facere
919 2517 1114 2602 observavit,

96 2626 165 2671 non
187 2606 223 2669 in
246 2605 396 2671 omnibus
415 2605 639 2672 consimilibus
658 2605 792 2671 eandem
810 2605 877 2670 rim
896 2609 953 2669 aut
975 2606 1112 2672 rationis

97 2699 155 2761 aut
184 2694 357 2760 suavitatis
384 2698 487 2781 tenet,
514 2693 571 2759 sed
599 2694 696 2780 aliam
723 2714 835 2760 vocem
863 2694 998 2778 produci
1023 2694 1113 2781 facit,

97 2783 198 2848 aliam
221 2782 365 2868 corripi?

57 2888 82 2927 ευ
163 2869 280 2956 Neque
301 2892 379 2936 vero
403 2870 488 2936 ‘con'
511 2870 672 2956 particula
694 2875 765 2935 tum
787 2870 894 2935 solum
912 2871 1112 2957 producitur,

96 2983 173 3027 cum
196 2982 235 3026 ea
256 2960 377 3045 littera,
400 2960 438 3025 de
457 2982 522 3045 qua
540 2957 677 3024 Cicero
696 2958 787 3044 dixit,
809 2958 1000 3043 insequitur.
1024 2959 1138 3027 Nam?

97 3055 130 3115 et
148 3046 248 3115 Cato
262 3053 296 3114 et
311 3043 540 3114 Sallustius:
559 3047 788 3127 faenoribus
807 3047 961 3131 inquiunt
980 3070 1111 3134 coper-

96 3143 160 3203 tus
184 3142 251 3203 est.
297 3135 470 3203 Praeterea
497 3135 683 3223 ‘coligatue’
707 3139 740 3201 et
765 3136 930 3202 ‘conexus'
953 3139 1137 3222 productee

94 3226 226 3294 dicitur.
495 3271 498 3278 ·

55 3329 83 3371 ³⁵
165 3312 231 3380 Sed
246 3319 358 3381 tamen
376 3313 477 3379 rideri
496 3318 606 3398 potest
623 3313 738 3399 in-his,
757 3333 840 3396 quoe
858 3313 963 3398 posui,
981 3314 1024 3378 ob
1039 3330 1137 3381 earne

94 3424 231 3470 causam
256 3403 417 3488 particula
443 3403 524 3467 haec
551 3401 701 3487 produci,
729 3402 883 3486 quoniam
913 3401 1044 3467 eliditur
1071 3426 1111 3468 ex

67 3500 70 3505 '
94 3514 134 3558 ea
147 3513 173 3558 n
188 3492 313 3557 littera:
327 3513 403 3557 nam
421 3490 658 3557 detrimentum·
669 3491 798 3555 litterae
816 3490 1028 3574 productione
1048 3493 1112 3577 syl-

149 3603 267 3647 θηται.
934 3599 949 3650 l
