2356 3900
321 67 449 123 an.
850 70 892 133 ss

10 238 67 307 ιϊς.
118 231 165 294 Τί
185 230 258 315 γὰρ
282 227 466 316 διαφέρει
483 239 600 296 τοῦτο
624 254 639 297 ε
646 232 767 315 laetu,
789 231 810 316 ἣ
834 231 895 298 ὅτι

10 342 74 403 νης
101 316 146 384 ἐν
173 325 218 403 τῇ
246 318 412 434 ἠθικῇῆ
440 320 669 404 Χρύσιππος
695 320 716 405 ἢ
744 322 894 387 Κλεάν-

10 407 271 492 λαβασύνικας
304 402 376 474 οὖν
414 411 475 489 [τι]
509 408 638 473 αὐτῶν
672 407 737 474 καὶ
769 411 894 494 δόγμα

10 497 283 581 ῠ.πεποίησαι
337 498 507 562 Δείκνυε
539 508 618 574 πῶς
649 503 816 575 εἴωθας
852 498 937 567 ivn

10 522 290 739 ῒχειμύζεσθατ·
314 583 513 671 μέμνησαι
535 586 679 670 ταύτης
701 594 768 670 τῆς
791 587 894 652 διαι-

10 698 37 758 ς,
67 672 162 739 ὅταν
188 677 348 786 ύοφήσῃ
375 677 417 740 τὸ
451 675 579 740 ίστίον
606 673 670 741 καλ
698 673 894 761 ἀνακρου-

42 761 109 827 ’Ἀν
137 765 203 828 σοί
233 786 292 841 τις
318 766 563 848 κακόσχολός
588 785 668 843 πως
694 765 895 850 παραστας

10 849 87 934 λέγε
106 874 187 937 μοι,
204 854 296 930 τοὺς
313 853 435 931 θεούς
453 868 532 937 σοι,
555 849 728 942 ἃττρςόην
746 855 893 938 ἔλεγες,

10 941 125 1006 κακία
148 938 260 1006 ἐστὶν
286 942 329 1007 τὸ
356 935 592 1026 ναύαμῆσατς
621 919 670 1026 pli
693 965 728 1007 τι
755 945 894 1020 κακίας

10 1054 55 1109 »νς
79 1029 150 1095 οὐκ
168 1030 241 1115 ἄρα
259 1028 379 1108 ξύλον
397 1030 590 1108 ἐνσείσεις
609 1031 726 1120 αύτῷς
745 1032 786 1096 τί
800 1030 894 1116 ἡμίν

15 1121 43 1202 ί,
66 1119 269 1231 caupona
299 1118 572 1204 ἀπολλύμεθα,
605 1116 670 1184 καλ
688 1097 894 1186 σύίλθὼν

27 1205 176 1272 ,Ἐὰν
207 1206 252 1273 δέ
280 1224 322 1274 σε
359 1207 377 1274 ὁ
409 1211 562 1294 Καίσαρ
593 1205 937 1293 μεταπίμύηταιικ

10 1296 230 1382 ορούμενον
256 1319 329 1359 *e*

27 1385 83 1451 ille
103 1384 223 1451 auditis
239 1385 514 1452 insolentissimus
534 1385 721 1451 adulescens
745 1385 895 1472 obticuit,
904 1401 938 1453 18

10 1497 46 1538 m
69 1475 97 1538 si
120 1497 158 1540 ea
182 1475 291 1540 omnia
313 1495 381 1539 non
403 1476 444 1540 ab
468 1474 653 1559 Epicteto
676 1475 712 1539 in
735 1476 894 1558 quosdam

10 1564 49 1628 ed
71 1564 112 1628 ab
136 1563 286 1629 Herode
309 1565 345 1628 in
367 1586 441 1629 eum
464 1563 553 1629 dicia
575 1568 692 1628 esseni.

354 1792 414 1858 III.

10 1933 56 1989 iilo
75 1932 314 1987 Lacedaemonius
332 1932 484 1987 eonsilium
502 1948 604 2003 anceps
622 1949 674 2002 pro
701 1932 794 1987 salute
811 1932 895 1988 amici

18 2004 151 2073 quodque
169 2005 213 2058 esi
231 2003 431 2074 circumspecte
451 2007 481 2059 et
495 2003 577 2058 anxie
592 2003 836 2073 considerandum,
856 2021 894 2059 an

10 2075 154 2129 ‚ilitaiibus
169 2075 322 2128 amicorum
336 2075 555 2143 delinquendum
570 2076 721 2145 aliquando
741 2075 791 2143 sit3
811 2078 893 2130 nota·

20 2145 92 2201 inibi
115 2145 269 2213 circlate,
293 2162 366 2214 quae
390 2149 419 2200 et
440 2145 650 2216 Theophrastus
678 2151 708 2202 et
731 2146 767 2201 M.
796 2145 894 2201 Cicero

15 2233 50 2272 ea
66 2233 96 2270 re
115 2217 294 2286 scripserunt.

12 2361 237 2426 edaemonium
260 2359 474 2446 Chilonem,
496 2361 604 2426 virum
627 2383 666 2426 ex
687 2361 745 2427 illo
768 2361 892 2428 incluto
922 2384 936 2432 1

10 2480 12 2504 ·
37 2450 242 2535 sapientium,
266 2450 423 2534 seriptum
447 2454 497 2514 esi
519 2450 554 2514 in
576 2449 669 2514 libris
694 2471 816 2536 eorum,
839 2451 895 2535 qui

10 2560 99 2622 esque
120 2543 229 2625 gestas
244 2538 406 2603 clarorum
424 2538 594 2603 hominum
612 2541 788 2604 memoriae
807 2561 896 2604 man·

10 2633 44 2712 it,
63 2649 137 2692 eum
154 2625 357 2692 Chilonem
379 2628 415 2691 in
428 2628 514 2693 virae
535 2649 611 2692 suae
625 2633 802 2714 postremo,
821 2650 896 2693 cum
940 2672 948 2687 .

9 2717 44 2780 bi
62 2737 151 2782 mors
176 2720 358 2802 occuparer,
381 2716 421 2780 ad
440 2715 682 2782 circumstantis
702 2716 823 2781 amicos
848 2717 895 2782 sic

10 2828 40 2869 n:

10 2894 64 2959 λα’
87 2893 196 2978 inquii
222 2893 307 2958 ‘mea
332 2893 483 2977 factaque
510 2893 546 2956 in
574 2899 680 2958 aetate
708 2894 808 2980 longa
830 2893 895 2978 ple·
923 2904 939 2952 2

10 2983 116 3048 omnia
142 2982 243 3047 fuisse
271 3004 339 3047 non
370 2982 578 3067 paenitenda,
605 2982 673 3047 fors
701 2983 745 3047 sil
771 2987 809 3047 ui
836 3004 913 3048 vos·

10 3071 121 3137 iciaiis.
163 3071 236 3157 Ego
257 3071 387 3156 quidem
409 3072 445 3136 in
466 3071 530 3136 hoc
553 3076 640 3136 cerie
664 3075 810 3156 tempore
828 3092 895 3135 non
923 3081 938 3130 3

10 3183 36 3247 c,
58 3161 142 3224 nihil
165 3182 236 3224 esse
256 3160 431 3245 quiequam
450 3159 660 3225 commissum
681 3182 700 3224 a
718 3182 780 3245 me,
803 3159 894 3226 cuius

10 3274 33 3315 a
53 3249 161 3331 [mihi]
183 3249 379 3335 aegritudini
399 3250 451 3335 sit,
475 3248 510 3312 ni
528 3248 609 3312 illud
627 3247 774 3333 profecto
793 3270 896 3312 unum

10 3340 44 3442 od
67 3344 196 3492 rgctene
221 3360 262 3403 an
284 3361 454 3423 perperam
476 3337 624 3422 fecerim,
646 3337 791 3401 nondum
814 3335 895 3400 mihi

10 3450 82 3513 ique
101 3479 107 3491 .
