2392 3886
124 157 190 221 120
524 194 529 203 -
573 154 607 209 Η.
626 172 687 210 m.

124 324 233 384 autem
256 319 373 403 ipsum,
396 318 483 402 quod
501 316 649 403 dicimus,
672 339 711 382 ex
732 317 799 381 illis
822 337 953 402 quoque
973 316 1149 383 Homeri·

125 408 180 473 cis
203 408 394 492 versibus,
423 407 450 472 si
474 406 547 490 quis
569 428 637 472 non
658 405 821 471 incuriose
842 406 948 493 legat,
972 406 1147 472 adminicu-

90 496 185 561 ⁷1ari
208 502 326 581 potest.
371 495 457 560 Nam
481 496 519 560 de
544 494 647 560 austri
670 495 803 560 flatibus
825 495 874 560 ita
897 494 1047 580 scripsit:

163 619 294 686 Ἔνθα
308 623 423 697 νότος
441 618 539 704 μέγα
553 628 653 704 κῦμα
667 617 757 686 ποτὶ
771 621 911 686 σκαιὸν
930 619 1022 705 ῥίον
1038 619 1144 702 ὠθεῖ,

100 749 241 811 8contra
264 750 373 810 autem
397 745 436 809 de
459 745 572 830 borea,
596 766 693 828 quem
716 742 926 828 ‘aquilonem'
954 763 1017 808 nos
1042 742 1164 830 appel-5

125 835 240 920 lamus,
263 835 328 899 alio
352 834 431 899 dicit
454 834 565 898 modo:

170 956 247 1023 Καὶ
261 954 699 1043 βορέηςαίθρηγενέτης
712 954 809 1042 μέγα
822 964 924 1041 κῦμα
937 957 1139 1022 κυλίνδων.

100 1083 179 1148 9Α1ο
199 1083 407 1166 aquilonibus
426 1081 522 1167 enim,
545 1081 601 1166 qui
625 1081 684 1145 albi
703 1081 898 1166 supernique
917 1087 1006 1167 sunt,
1030 1081 1138 1146 fluetus

127 1172 285 1237 excitatos
305 1171 398 1256 qnasi
416 1192 475 1255 per
492 1191 596 1255 prona
614 1170 701 1235 volvi
720 1170 809 1256 dicit,
827 1169 868 1235 ab
888 1169 1011 1235 austris
1031 1175 1137 1253 autem,

126 1261 179 1326 his
208 1261 264 1345 qui
293 1260 484 1325 humiliores
512 1264 602 1345 sunt,
632 1259 754 1324 maiore
777 1259 810 1323 vi
838 1259 979 1342 quadam
1009 1257 1165 1345 propellis

84 1373 117 1421 10
128 1372 257 1415 sursum
272 1355 369 1432 atque
389 1347 502 1414 subici.
539 1347 577 1413 Id
595 1349 683 1413 enim
698 1348 862 1434 significat
879 1348 1018 1413 verbum
1037 1348 1135 1429 ὠθεῖ,

129 1439 213 1503 siout
237 1438 301 1502 alio
324 1438 359 1501 in
381 1436 468 1502 loeo:

173 1566 283 1627 Λᾶαν
306 1561 384 1626 ἄνω
408 1561 558 1626 ὤθεσκε
581 1558 671 1627 ποτὶ
693 1564 828 1646 λόφον.

84 1692 116 1741 11
174 1686 233 1769 'Id
256 1706 385 1771 quoque
409 1707 429 1750 a
449 1684 656 1770 peritissimis
679 1707 788 1751 rerum
810 1684 1017 1770 philosophis
1040 1686 1136 1750 obser·

127 1783 240 1841 vatum
263 1780 326 1862 est,
353 1774 474 1840 austris
502 1773 702 1858 spirantibus
724 1796 814 1839 mare
839 1773 911 1850 fieri
939 1775 1090 1862 glaucum
1109 1776 1164 1838 ebs

128 1866 322 1951 caeruleum,
341 1863 548 1949 aquilonibus
568 1863 738 1930 obscurius
758 1863 933 1948 ebriusque.
975 1860 1075 1929 Cuius
1095 1861 1136 1927 rei

128 1977 273 2049 oausam,
301 1976 375 2019 oum
402 1953 634 2055 Aristotelis
664 1953 788 2018 libros
815 1952 1137 2038 problematorun

126 2064 419 2128 praecerperemus‚
440 2047 562 2108 notavi
